@article{Chiesa:2019ulk,
      author         = "Chiesa, Mauro and Denner, Ansgar and Lang, Jean-Nicolas
                        and Pellen, Mathieu",
      title          = "{An event generator for same-sign W-boson scattering at
                        the LHC including electroweak corrections}",
      year           = "2019",
      eprint         = "1906.01863",
      archivePrefix  = "arXiv",
      primaryClass   = "hep-ph",
      SLACcitation   = "%%CITATION = ARXIV:1906.01863;%%"
}

@article{Azzi:2019yne,
      author         = "Azzi, P. and others",
      title          = "{Standard Model Physics at the HL-LHC and HE-LHC}",
      collaboration  = "HL-LHC, HE-LHC Working Group",
      year           = "2019",
      eprint         = "1902.04070",
      archivePrefix  = "arXiv",
      primaryClass   = "hep-ph",
      reportNumber   = "CERN-LPCC-2018-03",
      SLACcitation   = "%%CITATION = ARXIV:1902.04070;%%"
}

@article{Perez:2018kav,
      author         = "Perez, Genessis and Sekulla, Marco and Zeppenfeld,
                        Dieter",
      title          = "{Anomalous quartic gauge couplings and unitarization for
                        the vector boson scattering process $pp\rightarrow
                        W^+W^+jjX\rightarrow \ell ^+\nu _\ell \ell ^+\nu _\ell
                        jjX$}",
      journal        = "Eur. Phys. J.",
      volume         = "C78",
      year           = "2018",
      number         = "9",
      pages          = "759",
      doi            = "10.1140/epjc/s10052-018-6230-1",
      eprint         = "1807.02707",
      archivePrefix  = "arXiv",
      primaryClass   = "hep-ph",
      reportNumber   = "KA-TP-15-2018",
      SLACcitation   = "%%CITATION = ARXIV:1807.02707;%%"
}

@article{Gomez-Ambrosio:2018pnl,
      author         = "Gomez-Ambrosio, Raquel",
      title          = "{Studies of Dimension-Six EFT effects in Vector Boson
                        Scattering}",
      journal        = "Eur. Phys. J.",
      volume         = "C79",
      year           = "2019",
      number         = "5",
      pages          = "389",
      doi            = "10.1140/epjc/s10052-019-6893-2",
      eprint         = "1809.04189",
      archivePrefix  = "arXiv",
      primaryClass   = "hep-ph",
      reportNumber   = "IPPP/18/78, VBSCAN-PUB-05-18",
      SLACcitation   = "%%CITATION = ARXIV:1809.04189;%%"
}

@article{Brass:2018hfw,
      author         = "Brass, Simon and Fleper, Christian and Kilian, Wolfgang
                        and Reuter, J{\"}rgen and Sekulla, Marco",
      title          = "{Transversal Modes and Higgs Bosons in Electroweak
                        Vector-Boson Scattering at the LHC}",
      journal        = "Eur. Phys. J.",
      volume         = "C78",
      year           = "2018",
      number         = "11",
      pages          = "931",
      doi            = "10.1140/epjc/s10052-018-6398-4",
      eprint         = "1807.02512",
      archivePrefix  = "arXiv",
      primaryClass   = "hep-ph",
      reportNumber   = "SI-HEP-2018-17, DESY 18-002, SI-HEP-2018-27,
                        KA-TP-14-2018, DESY-18-002",
      SLACcitation   = "%%CITATION = ARXIV:1807.02512;%%"
}

@article{Balossini:2009sa,
      author         = "Balossini, Giovanni and Montagna, Guido and Carloni
                        Calame, Carlo Michel and Moretti, Mauro and Nicrosini,
                        Oreste and Piccinini, Fulvio and Treccani, Michele and
                        Vicini, Alessandro",
      title          = "{Combination of electroweak and QCD corrections to single
                        W production at the Fermilab Tevatron and the CERN LHC}",
      journal        = "JHEP",
      volume         = "01",
      year           = "2010",
      pages          = "013",
      doi            = "10.1007/JHEP01(2010)013",
      eprint         = "0907.0276",
      archivePrefix  = "arXiv",
      primaryClass   = "hep-ph",
      reportNumber   = "FNT-T-2009-02, SHEP-09-14, IFUM-942-FT",
      SLACcitation   = "%%CITATION = ARXIV:0907.0276;%%"
}

@article{Ball:2014uwa,
      author         = "Ball, Richard D. and others",
      title          = "{Parton distributions for the LHC Run II}",
      collaboration  = "NNPDF",
      journal        = "JHEP",
      volume         = "04",
      year           = "2015",
      pages          = "040",
      doi            = "10.1007/JHEP04(2015)040",
      eprint         = "1410.8849",
      archivePrefix  = "arXiv",
      primaryClass   = "hep-ph",
      reportNumber   = "EDINBURGH-2014-15, IFUM-1034-FT, CERN-PH-TH-2013-253,
                        OUTP-14-11P, CAVENDISH-HEP-14-11",
      SLACcitation   = "%%CITATION = ARXIV:1410.8849;%%"
}

@article{Ball:2013hta,
      author         = "Ball, Richard D. and Bertone, Valerio and Carrazza,
                        Stefano and Del Debbio, Luigi and Forte, Stefano and
                        Guffanti, Alberto and Hartland, Nathan P. and Rojo, Juan",
      title          = "{Parton distributions with QED corrections}",
      collaboration  = "NNPDF",
      journal        = "Nucl. Phys.",
      volume         = "B877",
      year           = "2013",
      pages          = "290-320",
      doi            = "10.1016/j.nuclphysb.2013.10.010",
      eprint         = "1308.0598",
      archivePrefix  = "arXiv",
      primaryClass   = "hep-ph",
      reportNumber   = "EDINBURGH-2013-20, IFUM-1014-FT, FR-PHENO-2013-008,
                        CERN-PH-TH-2013-075",
      SLACcitation   = "%%CITATION = ARXIV:1308.0598;%%"
}

@article{Gleisberg:2003xi,
      author         = "Gleisberg, Tanju and Hoeche, Stefan and Krauss, Frank and
                        Schalicke, Andreas and Schumann, Steffen and Winter,
                        Jan-Christopher",
      title          = "{SHERPA 1.$\alpha$: A proof of concept version}",
      journal        = "JHEP",
      volume         = "02",
      year           = "2004",
      pages          = "056",
      doi            = "10.1088/1126-6708/2004/02/056",
      eprint         = "hep-ph/0311263",
      archivePrefix  = "arXiv",
      primaryClass   = "hep-ph",
      reportNumber   = "CERN-TH-2003-284",
      SLACcitation   = "%%CITATION = HEP-PH/0311263;%%"
}

@article{Gleisberg:2008ta,
      author         = "Gleisberg, T. and Hoeche, Stefan. and Krauss, F. and
                        Sch{\"o}nherr, M. and Schumann, S. and Siegert, F. and Winter,
                        J.",
      title          = "{Event generation with SHERPA 1.1}",
      journal        = "JHEP",
      volume         = "02",
      year           = "2009",
      pages          = "007",
      doi            = "10.1088/1126-6708/2009/02/007",
      eprint         = "0811.4622",
      archivePrefix  = "arXiv",
      primaryClass   = "hep-ph",
      reportNumber   = "FERMILAB-PUB-08-477-T, SLAC-PUB-13420, ZU-TH-17-08,
                        DCPT-08-138, IPPP-08-69, EDINBURGH-2008-30, MCNET-08-14",
      SLACcitation   = "%%CITATION = ARXIV:0811.4622;%%"
}

@article{Schonherr:2017qcj,
      author         = "Sch{\"o}nherr, Marek",
      title          = "{An automated subtraction of NLO EW infrared
                        divergences}",
      journal        = "Eur. Phys. J.",
      volume         = "C78",
      year           = "2018",
      number         = "2",
      pages          = "119",
      doi            = "10.1140/epjc/s10052-018-5600-z",
      eprint         = "1712.07975",
      archivePrefix  = "arXiv",
      primaryClass   = "hep-ph",
      reportNumber   = "CERN-TH-17-281, CERN-TH-2017-281, MCNET-17-24",
      SLACcitation   = "%%CITATION = ARXIV:1712.07975;%%"
}

@article{Biedermann:2017yoi,
      author         = "Biedermann, Benedikt and Br{\"a}uer, Stephan and Denner,
                        Ansgar and Pellen, Mathieu and Schumann, Steffen and
                        Thompson, Jennifer M.",
      title          = "{Automation of NLO QCD and EW corrections with Sherpa and
                        Recola}",
      journal        = "Eur. Phys. J.",
      volume         = "C77",
      year           = "2017",
      pages          = "492",
      doi            = "10.1140/epjc/s10052-017-5054-8",
      eprint         = "1704.05783",
      archivePrefix  = "arXiv",
      primaryClass   = "hep-ph",
      SLACcitation   = "%%CITATION = ARXIV:1704.05783;%%"
}

@article{Frederix:2018nkq,
      author         = "Frederix, R. and Frixione, S. and Hirschi, V. and Pagani,
                        D. and Shao, H. -S. and Zaro, M.",
      title          = "{The automation of next-to-leading order electroweak
                        calculations}",
      journal        = "JHEP",
      volume         = "07",
      year           = "2018",
      pages          = "185",
      doi            = "10.1007/JHEP07(2018)185",
      eprint         = "1804.10017",
      archivePrefix  = "arXiv",
      primaryClass   = "hep-ph",
      reportNumber   = "Nikhef/2018-015, TUM-HEP-1138/18, NIKHEF-2018-015,
                        TUM-HEP-1138-18",
      SLACcitation   = "%%CITATION = ARXIV:1804.10017;%%"
}

@article{Schonherr:2018jva,
      author         = "Sch{\"o}nherr, Marek",
      title          = "{Next-to-leading order electroweak corrections to
                        off-shell WWW production at the LHC}",
      journal        = "JHEP",
      volume         = "07",
      year           = "2018",
      pages          = "076",
      doi            = "10.1007/JHEP07(2018)076",
      eprint         = "1806.00307",
      archivePrefix  = "arXiv",
      primaryClass   = "hep-ph",
      reportNumber   = "MCNET-18-11, CERN-TH-2018-129, MCnet-18-11",
      SLACcitation   = "%%CITATION = ARXIV:1806.00307;%%"
}

@article{Sjostrand:2014zea,
      author         = "Sj{\"o}strand, Torbj{\"o}rn and Ask, Stefan and Christiansen,
                        Jesper R. and Corke, Richard and Desai, Nishita and Ilten,
                        Philip and Mrenna, Stephen and Prestel, Stefan and
                        Rasmussen, Christine O. and Skands, Peter Z.",
      title          = "{An introduction to PYTHIA 8.2}",
      journal        = "Comput. Phys. Commun.",
      volume         = "191",
      year           = "2015",
      pages          = "159-177",
      doi            = "10.1016/j.cpc.2015.01.024",
      eprint         = "1410.3012",
      archivePrefix  = "arXiv",
      primaryClass   = "hep-ph",
      reportNumber   = "LU-TP-14-36, MCNET-14-22, CERN-PH-TH-2014-190,
                        FERMILAB-PUB-14-316-CD, DESY-14-178, SLAC-PUB-16122",
      SLACcitation   = "%%CITATION = ARXIV:1410.3012;%%"
}


@article{Sjostrand:2006za,
      author         = "Sj{\"o}strand, Torbj{\"o}rn and Mrenna, Stephen and Skands, Peter
                        Z.",
      title          = "{PYTHIA 6.4 Physics and Manual}",
      journal        = "JHEP",
      volume         = "05",
      year           = "2006",
      pages          = "026",
      doi            = "10.1088/1126-6708/2006/05/026",
      eprint         = "hep-ph/0603175",
      archivePrefix  = "arXiv",
      primaryClass   = "hep-ph",
      reportNumber   = "FERMILAB-PUB-06-052-CD-T, LU-TP-06-13",
      SLACcitation   = "%%CITATION = HEP-PH/0603175;%%"
}


@article{Muck:2016pko,
      author         = "M{\"u}ck, Alexander and Oymanns, Lennart",
      title          = "{Resonance-improved parton-shower matching for the
                        Drell-Yan process including electroweak corrections}",
      journal        = "JHEP",
      volume         = "05",
      year           = "2017",
      pages          = "090",
      doi            = "10.1007/JHEP05(2017)090",
      eprint         = "1612.04292",
      archivePrefix  = "arXiv",
      primaryClass   = "hep-ph",
      reportNumber   = "TTK-16-48",
      SLACcitation   = "%%CITATION = ARXIV:1612.04292;%%"
}

@article{CarloniCalame:2016ouw,
      author         = "Carloni Calame, Carlo Michel and Chiesa, Mauro and
                        Martinez, Homero and Montagna, Guido and Nicrosini, Oreste
                        and Piccinini, Fulvio and Vicini, Alessandro",
      title          = "{Precision Measurement of the W-Boson Mass: Theoretical
                        Contributions and Uncertainties}",
      journal        = "Phys. Rev.",
      volume         = "D96",
      year           = "2017",
      pages          = "093005",
      doi            = "10.1103/PhysRevD.96.093005",
      eprint         = "1612.02841",
      archivePrefix  = "arXiv",
      primaryClass   = "hep-ph",
      reportNumber   = "TIF-UNIMI-2016-10",
      SLACcitation   = "%%CITATION = ARXIV:1612.02841;%%"
}


@article{Jezo:2015aia,
      author         = "Je{\u z}o, Tom{\' a}{\u s} and Nason, Paolo",
      title          = "{On the Treatment of Resonances in Next-to-Leading Order
                        Calculations Matched to a Parton Shower}",
      journal        = "JHEP",
      volume         = "12",
      year           = "2015",
      pages          = "065",
      doi            = "10.1007/JHEP12(2015)065",
      eprint         = "1509.09071",
      archivePrefix  = "arXiv",
      primaryClass   = "hep-ph",
      SLACcitation   = "%%CITATION = ARXIV:1509.09071;%%"
}


@article{Jezo:2016ujg,
      author         = "Je{\u z}o, Tom{\' a}{\u s} and Lindert, Jonas M. and Nason, Paolo and
                        Oleari, Carlo and Pozzorini, Stefano",
      title          = "{An NLO+PS generator for $t\bar{t}$ and $Wt$ production
                        and decay including non-resonant and interference
                        effects}",
      journal        = "Eur. Phys. J.",
      volume         = "C76",
      year           = "2016",
      pages          = "691",
      doi            = "10.1140/epjc/s10052-016-4538-2",
      eprint         = "1607.04538",
      archivePrefix  = "arXiv",
      primaryClass   = "hep-ph",
      reportNumber   = "ZU-TH-22-16",
      SLACcitation   = "%%CITATION = ARXIV:1607.04538;%%"
}


@article{Granata:2017iod,
      author         = "Granata, Federico and Lindert, Jonas M. and Oleari, Carlo
                        and Pozzorini, Stefano",
      title          = "{NLO QCD+EW predictions for HV and HV+jet production
                        including parton-shower effects}",
      journal        = "JHEP",
      volume         = "09",
      year           = "2017",
      pages          = "012",
      doi            = "10.1007/JHEP09(2017)012",
      eprint         = "1706.03522",
      archivePrefix  = "arXiv",
      primaryClass   = "hep-ph",
      SLACcitation   = "%%CITATION = ARXIV:1706.03522;%%"
}

@article{Denner:2019tmn,
      author         = "Denner, Ansgar and Dittmaier, Stefan and Maierh{\"o}fer,
                        Philipp and Pellen, Mathieu and Schwan, Christopher",
      title          = "{QCD and electroweak corrections to WZ scattering at the
                        LHC}",
      year           = "2019",
      eprint         = "1904.00882",
      archivePrefix  = "arXiv",
      primaryClass   = "hep-ph",
      reportNumber   = "FR-PHENO-2019-001, Cavendish-HEP-19/05, TIF-UNIMI-2019-1,
                        VBSCAN-PUB-02-19, Cavendish-HEP-19-05, TIF-UNIMI-2019-1",
      SLACcitation   = "%%CITATION = ARXIV:1904.00882;%%"
}

@inproceedings{Bendavid:2018nar,
      author         = "Andersen, J. R. and others",
      title          = "{Les Houches 2017: Physics at TeV Colliders Standard
                        Model Working Group Report}",
      booktitle      = "{10th Les Houches Workshop on Physics at TeV Colliders
                        (PhysTeV 2017) Les Houches, France, June 5-23, 2017}",
      year           = "2018",
      eprint         = "1803.07977",
      archivePrefix  = "arXiv",
      primaryClass   = "hep-ph",
      report         = "FERMILAB-CONF-18-122-CD-T, UWTHPH-2018-5",
      SLACcitation   = "%%CITATION = ARXIV:1803.07977;%%"
}


@article{Ballestrero:2018anz,
      author         = "Ballestrero, Alessandro and others",
      title          = "{Precise predictions for same-sign W-boson scattering at
                        the LHC}",
      journal        = "Eur. Phys. J.",
      volume         = "C78",
      year           = "2018",
      pages          = "671",
      doi            = "10.1140/epjc/s10052-018-6136-y",
      eprint         = "1803.07943",
      archivePrefix  = "arXiv",
      primaryClass   = "hep-ph",
      reportNumber   = "DESY-18-025, FR-PHENO-2018-003, KA-TP-05-2018,
                        MCNET-18-06, NIKHEF-2018-012, UWTHPH-2018-12,
                        VBSCAN-PUB-01-18, ZU-TH-08-18",
      SLACcitation   = "%%CITATION = ARXIV:1803.07943;%%"
}

@article{Mangano:2016jyj,
      author         = "Mangano, M. L. and others",
      title          = "{Physics at a 100 TeV pp Collider: Standard Model
                        Processes}",
      journal        = "CERN Yellow Report",
      year           = "2017",
      number         = "3",
      pages          = "1-254",
      doi            = "10.23731/CYRM-2017-003.1",
      eprint         = "1607.01831",
      archivePrefix  = "arXiv",
      primaryClass   = "hep-ph",
      reportNumber   = "CERN-TH-2016-112, FERMILAB-FN-1021-T",
      SLACcitation   = "%%CITATION = ARXIV:1607.01831;%%"
}


@article{Goncalves:2017gzy,
      author         = "Gon\c{c}alves, Dorival and Plehn, Tilman and Thompson,
                        Jennifer M.",
      title          = "{Weak boson fusion at 100 TeV}",
      journal        = "Phys. Rev.",
      volume         = "D95",
      year           = "2017",
      number         = "9",
      pages          = "095011",
      doi            = "10.1103/PhysRevD.95.095011",
      eprint         = "1702.05098",
      archivePrefix  = "arXiv",
      primaryClass   = "hep-ph",
      reportNumber   = "PITT-PACC-1702",
      SLACcitation   = "%%CITATION = ARXIV:1702.05098;%%"
}

@article{Jager:2017owh,
      author         = "J{\"a}ger, B. and Salfelder, L. and Worek, M. and Zeppenfeld,
                        D.",
      title          = "{Physics opportunities for vector-boson scattering at a
                        future 100 TeV hadron collider}",
      journal        = "Phys. Rev.",
      volume         = "D96",
      year           = "2017",
      number         = "7",
      pages          = "073008",
      doi            = "10.1103/PhysRevD.96.073008",
      eprint         = "1704.04911",
      archivePrefix  = "arXiv",
      primaryClass   = "hep-ph",
      SLACcitation   = "%%CITATION = ARXIV:1704.04911;%%"
}

@article{Bertone:2017bme,
      author         = "Bertone, Valerio and Carrazza, Stefano and Hartland,
                        Nathan P. and Rojo, Juan",
      title          = "{Illuminating the photon content of the proton within a
                        global PDF analysis}",
      collaboration  = "NNPDF",
      year           = "2017",
      eprint         = "1712.07053",
      archivePrefix  = "arXiv",
      primaryClass   = "hep-ph",
      reportNumber   = "NIKHEF-2017-064, CERN-TH-2017-235",
      SLACcitation   = "%%CITATION = ARXIV:1712.07053;%%"
}

@article{Kilian:2014zja,
	Archiveprefix = {arXiv},
	Author = {Kilian, Wolfgang and Ohl, Thorsten and Reuter, J{\"u}rgen and Sekulla, Marco},
	Doi = {10.1103/PhysRevD.91.096007},
	Eprint = {1408.6207},
	Journal = {Phys. Rev.},
	Pages = {096007},
	Primaryclass = {hep-ph},
	Reportnumber = {DESY-14-142, SI-HEP-2014-20},
	Slaccitation = {%%CITATION = ARXIV:1408.6207;%%},
	Title = {{High-Energy Vector Boson Scattering after the Higgs Discovery}},
	Volume = {D91},
	Year = {2015},
	Bdsk-Url-1 = {https://doi.org/10.1103/PhysRevD.91.096007}}

@article{Alboteanu:2008my,
	Archiveprefix = {arXiv},
	Author = {Alboteanu, Ana and Kilian, Wolfgang and Reuter, J{\"u}rgen},
	Doi = {10.1088/1126-6708/2008/11/010},
	Eprint = {0806.4145},
	Journal = {JHEP},
	Pages = {010},
	Primaryclass = {hep-ph},
	Reportnumber = {SI-HEP-2008-11},
	Slaccitation = {%%CITATION = ARXIV:0806.4145;%%},
	Title = {{Resonances and Unitarity in Weak Boson Scattering at the LHC}},
	Volume = {11},
	Year = {2008},
	Bdsk-Url-1 = {https://doi.org/10.1088/1126-6708/2008/11/010}}

@article{Reuter:2016qbi,
	Archiveprefix = {arXiv},
	Author = {Reuter, J{\"u}rgen and Chokouf{\'{e}} Nejad, Bijan and Hoang, Andre and Kilian, Wolfgang and Stahlhofen, Maximilian and Teubner, Thomas and Weiss, Christian},
	Booktitle = {{Proceedings, 17th International Workshop on Advanced Computing and Analysis Techniques in Physics Research (ACAT 2016): Valparaiso, Chile, January 18-22, 2016}},
	Doi = {10.1088/1742-6596/762/1/012059},
	Eprint = {1602.06270},
	Journal = {J. Phys. Conf. Ser.},
	Number = {1},
	Pages = {012059},
	Primaryclass = {hep-ph},
	Reportnumber = {DESY-16-033, UWTHPH-2016, MITP-16-022, LTH-1077, SI-HEP-2016-06},
	Slaccitation = {%%CITATION = ARXIV:1602.06270;%%},
	Title = {{Automation of NLO processes and decays and POWHEG matching in WHIZARD}},
	Volume = {762},
	Year = {2016},
	Bdsk-Url-1 = {https://doi.org/10.1088/1742-6596/762/1/012059}}

@article{Nejad:2016bci,
	Archiveprefix = {arXiv},
	Author = {Chokouf{\'{e}} Nejad, Bijan and Kilian, Wolfgang and Lindert, Jonas M. and Pozzorini, Stefano and Reuter, J{\"u}rgen and Weiss, Christian},
	Doi = {10.1007/JHEP12(2016)075},
	Eprint = {1609.03390},
	Journal = {JHEP},
	Pages = {75},
	Primaryclass = {hep-ph},
	Reportnumber = {DESY-16-140, SI-HEP-2016-24, ZU-TH-30-16},
	Slaccitation = {%%CITATION = ARXIV:1609.03390;%%},
	Title = {{NLO QCD Predictions for off-shell $t \bar t$ and $t \bar t H$ Production and Decay at a Linear Collider}},
	Volume = {12},
	Year = {2016},
	Bdsk-Url-1 = {https://doi.org/10.1007/JHEP12(2016)075}}

@article{Kilian:2012pz,
	Archiveprefix = {arXiv},
	Author = {Kilian, W. and Ohl, T. and Reuter, J. and Speckner, C.},
	Doi = {10.1007/JHEP10(2012)022},
	Eprint = {1206.3700},
	Journal = {JHEP},
	Pages = {022},
	Primaryclass = {hep-ph},
	Reportnumber = {DESY-12-103, SI-HEP-2012-11},
	Slaccitation = {%%CITATION = ARXIV:1206.3700;%%},
	Title = {{QCD in the Color-Flow Representation}},
	Volume = {10},
	Year = {2012},
	Bdsk-Url-1 = {https://doi.org/10.1007/JHEP10(2012)022}}

@article{CMSCollaboration:2015zni,
	Author = {Contardo, D. and Klute, M. and Mans, J. and Silvestris, L. and Butler, J.},
	Reportnumber = {CERN-LHCC-2015-010, LHCC-P-008, CMS-TDR-15-02},
	Slaccitation = {%%CITATION = CERN-LHCC-2015-010;%%},
	Title = {{Technical Proposal for the Phase-II Upgrade of the CMS Detector}},
	Year = {2015}}

@inproceedings{Butterworth:2010ym,
	Archiveprefix = {arXiv},
	Author = {Butterworth, J. M. and others},
	Booktitle = {{Physics at TeV colliders. Proceedings, 6th Workshop, dedicated to Thomas Binoth, Les Houches, France, June 8-26, 2009}},
	Eprint = {1003.1643},
	Primaryclass = {hep-ph},
	Slaccitation = {%%CITATION = ARXIV:1003.1643;%%},
	Title = {{THE TOOLS AND MONTE CARLO WORKING GROUP Summary Report from the Les Houches 2009 Workshop on TeV Colliders}},
	Url = {http://inspirehep.net/record/848006/files/arXiv:1003.1643.pdf},
	Year = {2010},
	Bdsk-Url-1 = {http://inspirehep.net/record/848006/files/arXiv:1003.1643.pdf}}

@article{Alwall:2006yp,
	Archiveprefix = {arXiv},
	Author = {Alwall, Johan and others},
	Booktitle = {{Monte Carlos for the LHC: A Workshop on the Tools for LHC Event Simulation (MC4LHC) Geneva, Switzerland, July 17-16, 2006}},
	Doi = {10.1016/j.cpc.2006.11.010},
	Eprint = {hep-ph/0609017},
	Journal = {Comput. Phys. Commun.},
	Pages = {300-304},
	Primaryclass = {hep-ph},
	Reportnumber = {FERMILAB-PUB-06-337-T, CERN-LCGAPP-2006-03},
	Slaccitation = {%%CITATION = HEP-PH/0609017;%%},
	Title = {{A Standard format for Les Houches event files}},
	Volume = {176},
	Year = {2007},
	Bdsk-Url-1 = {https://doi.org/10.1016/j.cpc.2006.11.010}}

@article{Campanario:2018ppz,
	Archiveprefix = {arXiv},
	Author = {Campanario, Francisco and Figy, Terrance M. and Pl{\"a}tzer, Simon and Rauch, Michael and Schichtel, Peter and Sj{\"o}dahl, Malin},
	Eprint = {1802.09955},
	Primaryclass = {hep-ph},
	Reportnumber = {FTUV-18-0221, IFIC/18-06, KA-TP-04-2018, LU TP 18-03, UWTHPH-2018-4, MCnet-18-04},
	Slaccitation = {%%CITATION = ARXIV:1802.09955;%%},
	Title = {{Stress-testing the VBF approximation in multijet final states}},
	Year = {2018}}

@article{Denner:2017kzu,
	Archiveprefix = {arXiv},
	Author = {Denner, Ansgar and Pellen, Mathieu},
	Doi = {10.1007/JHEP02(2018)013},
	Eprint = {1711.10359},
	Journal = {JHEP},
	Pages = {013},
	Primaryclass = {hep-ph},
	Slaccitation = {%%CITATION = ARXIV:1711.10359;%%},
	Title = {{Off-shell production of top-antitop pairs in the lepton+jets channel at NLO QCD}},
	Volume = {02},
	Year = {2018},
	Bdsk-Url-1 = {https://doi.org/10.1007/JHEP02(2018)013}}

@article{Aaboud:2017emo,
	Archiveprefix = {arXiv},
	Author = {Aaboud, M. and others},
	Collaboration = {ATLAS},
	Date-Added = {2018-02-26 11:36:45 +0000},
	Date-Modified = {2018-02-26 11:36:45 +0000},
	Doi = {10.1016/j.physletb.2017.10.040},
	Eprint = {1709.10264},
	Journal = {Phys. Lett.},
	Pages = {206-228},
	Primaryclass = {hep-ex},
	Reportnumber = {CERN-EP-2017-115},
	Slaccitation = {%%CITATION = ARXIV:1709.10264;%%},
	Title = {{Measurement of the cross-section for electroweak production of dijets in association with a Z boson in pp collisions at $\sqrt {s}$ = 13 TeV with the ATLAS detector}},
	Volume = {B775},
	Year = {2017},
	Bdsk-Url-1 = {https://dx.doi.org/10.1016/j.physletb.2017.10.040}}

@article{Czakon:2017wor,
	Archiveprefix = {arXiv},
	Author = {Czakon, Michal and Heymes, David and Mitov, Alexander and Pagani, Davide and Tsinikos, Ioannis and Zaro, Marco},
	Date-Added = {2018-02-21 19:44:03 +0000},
	Date-Modified = {2018-02-21 19:44:03 +0000},
	Doi = {10.1007/JHEP10(2017)186},
	Eprint = {1705.04105},
	Journal = {JHEP},
	Pages = {186},
	Primaryclass = {hep-ph},
	Reportnumber = {CAVENDISH-HEP-17-07, CP3-17-12, TUM-HEP-1084-17, TTK-17-15},
	Slaccitation = {%%CITATION = ARXIV:1705.04105;%%},
	Title = {{Top-pair production at the LHC through NNLO QCD and NLO EW}},
	Volume = {10},
	Year = {2017},
	Bdsk-Url-1 = {https://dx.doi.org/10.1007/JHEP10(2017)186}}

@unpublished{Dittmaier:2018zzz,
	Author = {Dittmaier, Stefan and Maierh{\"o}fer, Philipp and Schwan, Christopher and Siegert, Frank},
	Note = {In: \textit{PoS} RADCOR2017.},
	Title = {{Vector-boson Scattering at the LHC}}}

@article{Lindert:2017olm,
	Archiveprefix = {arXiv},
	Author = {Lindert, J. M. and others},
	Doi = {10.1140/epjc/s10052-017-5389-1},
	Eprint = {1705.04664},
	Journal = {Eur. Phys. J.},
	Number = {12},
	Pages = {829},
	Primaryclass = {hep-ph},
	Reportnumber = {CERN-TH-2017-102, CERN-LPCC-2017-02, IPPP-17-38, FERMILAB-PUB-17-152-T, ZU--TH-12-17, --FERMILAB-PUB-17-152-T},
	Slaccitation = {%%CITATION = ARXIV:1705.04664;%%},
	Title = {{Precise predictions for $V+$ jets dark matter backgrounds}},
	Volume = {C77},
	Year = {2017},
	Bdsk-Url-1 = {https://dx.doi.org/10.1140/epjc/s10052-017-5389-1}}

@article{Cruz-Martinez:2018rod,
	Archiveprefix = {arXiv},
	Author = {Cruz-Martinez, J. and Gehrmann, T. and Glover, E. W. N. and Huss, A.},
	Date-Added = {2018-02-20 16:38:16 +0000},
	Date-Modified = {2018-02-20 16:38:16 +0000},
	Eprint = {1802.02445},
	Primaryclass = {hep-ph},
	Reportnumber = {CERN-TH-2018-020, IPPP/18/8, ZU-TH 05/18, CERN-TH-2018-020, IPPP-18-8, ZU-TH-05-18},
	Slaccitation = {%%CITATION = ARXIV:1802.02445;%%},
	Title = {{Second-order QCD effects in Higgs boson production through vector boson fusion}},
	Year = {2018}}

@article{CMS:2016rcn,
	Collaboration = {CMS},
	Date-Added = {2018-02-16 09:08:21 +0000},
	Date-Modified = {2018-02-16 09:08:21 +0000},
	Report = {CMS-PAS-SMP-14-008},
	Slaccitation = {%%CITATION = CMS-PAS-SMP-14-008;%%},
	Title = {{Prospects for the study of vector boson scattering in same sign WW and WZ interactions at the HL-LHC with the upgraded CMS detector}},
	Url = {http://cds.cern.ch/record/2220831},
	Year = {2016},
	Bdsk-Url-1 = {http://cds.cern.ch/record/2220831}}

@article{ATL-PHYS-PUB-2017-023,
	Collaboration = {ATLAS},
	Institution = {CERN},
	Month = {Dec},
	Number = {ATL-PHYS-PUB-2017-023},
	Reportnumber = {ATL-PHYS-PUB-2017-023},
	Title = {{Studies on the impact of an extended Inner Detector tracker and a forward muon tagger on $W^{\pm}W^{\pm}$ scattering in $pp$ collisions at the High-Luminosity LHC with the ATLAS experiment}},
	Url = {https://cds.cern.ch/record/2298958},
	Year = {2017},
	Bdsk-Url-1 = {https://cds.cern.ch/record/2298958}}

@article{Sirunyan:2017jej,
	Archiveprefix = {arXiv},
	Author = {Sirunyan, Albert M and others},
	Collaboration = {CMS},
	Date-Added = {2018-02-12 18:05:18 +0000},
	Date-Modified = {2018-02-12 18:05:18 +0000},
	Eprint = {1712.09814},
	Primaryclass = {hep-ex},
	Reportnumber = {CMS-SMP-16-018, CERN-EP-2017-328},
	Slaccitation = {%%CITATION = ARXIV:1712.09814;%%},
	Title = {{Electroweak production of two jets in association with a Z boson in proton-proton collisions at $\sqrt{s}= $ 13 TeV}},
	Year = {2017}}

@article{Denner:2016wet,
	Archiveprefix = {arXiv},
	Author = {Denner, Ansgar and Lang, Jean-Nicolas and Pellen, Mathieu and Uccirati, Sandro},
	Doi = {10.1007/JHEP02(2017)053},
	Eprint = {1612.07138},
	Journal = {JHEP},
	Pages = {053},
	Primaryclass = {hep-ph},
	Slaccitation = {%%CITATION = ARXIV:1612.07138;%%},
	Title = {{Higgs production in association with off-shell top-antitop pairs at NLO EW and QCD at the LHC}},
	Volume = {02},
	Year = {2017},
	Bdsk-Url-1 = {https://dx.doi.org/10.1007/JHEP02(2017)053}}

@article{Denner:2015yca,
	Archiveprefix = {arXiv},
	Author = {Denner, Ansgar and Feger, Robert},
	Doi = {10.1007/JHEP11(2015)209},
	Eprint = {1506.07448},
	Journal = {JHEP},
	Pages = {209},
	Primaryclass = {hep-ph},
	Slaccitation = {%%CITATION = ARXIV:1506.07448;%%},
	Title = {{NLO QCD corrections to off-shell top-antitop production with leptonic decays in association with a Higgs boson at the LHC}},
	Volume = {11},
	Year = {2015},
	Bdsk-Url-1 = {https://dx.doi.org/10.1007/JHEP11(2015)209}}

@article{Cahn:1983ip,
	Author = {Cahn, R. N. and Dawson, Sally},
	Doi = {10.1016/0370-2693(84)91180-8},
	Journal = {Phys. Lett.},
	Note = {[Erratum: Phys. Lett.138B,464(1984)]},
	Pages = {196},
	Reportnumber = {LBL-16976},
	Slaccitation = {%%CITATION = PHLTA,136B,196;%%},
	Title = {{Production of very massive Higgs bosons}},
	Volume = {136B},
	Year = {1984},
	Bdsk-Url-1 = {https://dx.doi.org/10.1016/0370-2693(84)91180-8}}

@article{Duncan:1985vj,
	Author = {Duncan, Malcolm J. and Kane, Gordon L. and Repko, W. W.},
	Doi = {10.1016/0550-3213(86)90234-8},
	Journal = {Nucl. Phys.},
	Pages = {517-559},
	Reportnumber = {UM TH 85-18},
	Slaccitation = {%%CITATION = NUPHA,B272,517;%%},
	Title = {{W W Physics at Future Colliders}},
	Volume = {B272},
	Year = {1986},
	Bdsk-Url-1 = {https://dx.doi.org/10.1016/0550-3213(86)90234-8}}

@article{Dawson:1984gx,
	Author = {Dawson, Sally},
	Doi = {10.1016/0550-3213(85)90038-0},
	Journal = {Nucl. Phys.},
	Pages = {42-60},
	Reportnumber = {LBL-17497},
	Slaccitation = {%%CITATION = NUPHA,B249,42;%%},
	Title = {{The Effective W Approximation}},
	Volume = {B249},
	Year = {1985},
	Bdsk-Url-1 = {https://dx.doi.org/10.1016/0550-3213(85)90038-0}}

@article{Berends:1994pv,
	Archiveprefix = {arXiv},
	Author = {Berends, Frits A. and Pittau, R. and Kleiss, R.},
	Doi = {10.1016/0550-3213(94)90297-6},
	Eprint = {hep-ph/9404313},
	Journal = {Nucl. Phys.},
	Pages = {308-342},
	Primaryclass = {hep-ph},
	Reportnumber = {INLO-PUB-1-94, NIKHEF-H-94-08},
	Slaccitation = {%%CITATION = HEP-PH/9404313;%%},
	Title = {{All electroweak four fermion processes in electron - positron collisions}},
	Volume = {B424},
	Year = {1994},
	Bdsk-Url-1 = {https://dx.doi.org/10.1016/0550-3213(94)90297-6}}

@inproceedings{Anders:2018gfr,
	Archiveprefix = {arXiv},
	Author = {Anders, Christoph Falk and others},
	Eprint = {1801.04203},
	Primaryclass = {hep-ph},
	Reportnumber = {VBSCAN-PUB-01-17},
	Slaccitation = {%%CITATION = ARXIV:1801.04203;%%},
	Title = {{VBSCan Split 2017 Workshop Summary}},
	Year = {2018}}

@article{Artoisenet:2012st,
	Archiveprefix = {arXiv},
	Author = {Artoisenet, Pierre and Frederix, Rikkert and Mattelaer, Olivier and Rietkerk, Robbert},
	Doi = {10.1007/JHEP03(2013)015},
	Eprint = {1212.3460},
	Journal = {JHEP},
	Pages = {015},
	Primaryclass = {hep-ph},
	Reportnumber = {NIKHEF-2012-021, CERN-PH-TH-2012-329},
	Slaccitation = {%%CITATION = ARXIV:1212.3460;%%},
	Title = {{Automatic spin-entangled decays of heavy resonances in Monte Carlo simulations}},
	Volume = {03},
	Year = {2013},
	Bdsk-Url-1 = {https://dx.doi.org/10.1007/JHEP03(2013)015}}

@article{Skands:2014pea,
	Archiveprefix = {arXiv},
	Author = {Skands, Peter and Carrazza, Stefano and Rojo, Juan},
	Doi = {10.1140/epjc/s10052-014-3024-y},
	Eprint = {1404.5630},
	Journal = {Eur. Phys. J.},
	Number = {8},
	Pages = {3024},
	Primaryclass = {hep-ph},
	Reportnumber = {CERN-PH-TH-2014-069, MCNET-14-08, OUTP-14-05P},
	Slaccitation = {%%CITATION = ARXIV:1404.5630;%%},
	Title = {{Tuning PYTHIA 8.1: the Monash 2013 Tune}},
	Volume = {C74},
	Year = {2014},
	Bdsk-Url-1 = {https://dx.doi.org/10.1140/epjc/s10052-014-3024-y}}

@article{Nason:2004rx,
	Archiveprefix = {arXiv},
	Author = {Nason, Paolo},
	Doi = {10.1088/1126-6708/2004/11/040},
	Eprint = {hep-ph/0409146},
	Journal = {JHEP},
	Pages = {040},
	Primaryclass = {hep-ph},
	Reportnumber = {BICOCCA-FT-04-11},
	Slaccitation = {%%CITATION = HEP-PH/0409146;%%},
	Title = {{A new method for combining NLO QCD with shower Monte Carlo algorithms}},
	Volume = {11},
	Year = {2004},
	Bdsk-Url-1 = {https://dx.doi.org/10.1088/1126-6708/2004/11/040}}

@article{Bellm:2013hwb,
	Archiveprefix = {arXiv},
	Author = {Bellm, J. and others},
	Eprint = {1310.6877},
	Primaryclass = {hep-ph},
	Reportnumber = {IPPP-13-88, MCNET-13-15, DCPT-13-176, DESY-13-186, KA-TP-31-2013, --ZU-TH-23-13},
	Slaccitation = {%%CITATION = ARXIV:1310.6877;%%},
	Title = {{Herwig++ 2.7 Release Note}},
	Year = {2013}}

@article{Bahr:2008pv,
	Archiveprefix = {arXiv},
	Author = {Bahr, M. and others},
	Doi = {10.1140/epjc/s10052-008-0798-9},
	Eprint = {0803.0883},
	Journal = {Eur. Phys. J.},
	Pages = {639-707},
	Primaryclass = {hep-ph},
	Reportnumber = {CERN-PH-TH-2008-038, CAVENDISH-HEP-08-03, KA-TP-05-2008, DCPT-08-22, IPPP-08-11, CP3-08-05},
	Slaccitation = {%%CITATION = ARXIV:0803.0883;%%},
	Title = {{Herwig++ Physics and Manual}},
	Volume = {C58},
	Year = {2008},
	Bdsk-Url-1 = {https://dx.doi.org/10.1140/epjc/s10052-008-0798-9}}

@article{Frixione:2002ik,
	Archiveprefix = {arXiv},
	Author = {Frixione, Stefano and Webber, Bryan R.},
	Doi = {10.1088/1126-6708/2002/06/029},
	Eprint = {hep-ph/0204244},
	Journal = {JHEP},
	Pages = {029},
	Primaryclass = {hep-ph},
	Reportnumber = {CAVENDISH-HEP-02-01, LAPTH-905-02, GEF-TH-2-2002},
	Slaccitation = {%%CITATION = HEP-PH/0204244;%%},
	Title = {{Matching NLO QCD computations and parton shower simulations}},
	Volume = {06},
	Year = {2002},
	Bdsk-Url-1 = {https://dx.doi.org/10.1088/1126-6708/2002/06/029}}

@article{Kilian:2007gr,
	Archiveprefix = {arXiv},
	Author = {Kilian, Wolfgang and Ohl, Thorsten and Reuter, Jurgen},
	Doi = {10.1140/epjc/s10052-011-1742-y},
	Eprint = {0708.4233},
	Journal = {Eur. Phys. J.},
	Pages = {1742},
	Primaryclass = {hep-ph},
	Reportnumber = {DESY-11-126, EDINBURGH-2010-36, FR-PHENO-2010-037, SI-HEP-2010-18},
	Slaccitation = {%%CITATION = ARXIV:0708.4233;%%},
	Title = {{WHIZARD: Simulating Multi-Particle Processes at LHC and ILC}},
	Volume = {C71},
	Year = {2011},
	Bdsk-Url-1 = {https://dx.doi.org/10.1140/epjc/s10052-011-1742-y}}

@article{Moretti:2001zz,
	Archiveprefix = {arXiv},
	Author = {Moretti, Mauro and Ohl, Thorsten and Reuter, Jurgen},
	Eprint = {hep-ph/0102195},
	Pages = {1981-2009},
	Primaryclass = {hep-ph},
	Reportnumber = {IKDA-2001-06, LC-TOOL-2001-040},
	Slaccitation = {%%CITATION = HEP-PH/0102195;%%},
	Title = {{O'Mega: An Optimizing matrix element generator}},
	Year = {2001}}

@article{Arnold:2008rz,
	Archiveprefix = {arXiv},
	Author = {Arnold, K. and others},
	Doi = {10.1016/j.cpc.2009.03.006},
	Eprint = {0811.4559},
	Journal = {Comput. Phys. Commun.},
	Pages = {1661-1670},
	Primaryclass = {hep-ph},
	Reportnumber = {KA-TP-31-2008, SFB-CPP-08-95},
	Slaccitation = {%%CITATION = ARXIV:0811.4559;%%},
	Title = {{VBFNLO: A parton level Monte Carlo for processes with electroweak bosons}},
	Volume = {180},
	Year = {2009},
	Bdsk-Url-1 = {https://dx.doi.org/10.1016/j.cpc.2009.03.006}}

@article{Arnold:2011wj,
	Archiveprefix = {arXiv},
	Author = {Arnold, K. and others},
	Eprint = {1107.4038},
	Primaryclass = {hep-ph},
	Reportnumber = {KA-TP-15-2011, FTUV-11-0730, WUB-11-06, FR-PHENO-2011-012, MZ-TH-11-19, CERN-PH-TH-2011-1, LPN11-40, DESY-11-125, TTK-10-51, --MZ-TH-11-19, CERN-PH-TH-2011-173, --MAN-HEP-2014-02},
	Slaccitation = {%%CITATION = ARXIV:1107.4038;%%},
	Title = {{VBFNLO: A parton level Monte Carlo for processes with electroweak bosons -- Manual for Version 2.5.0}},
	Year = {2011}}

@article{Alioli:2010xd,
	Archiveprefix = {arXiv},
	Author = {Alioli, Simone and Nason, Paolo and Oleari, Carlo and Re, Emanuele},
	Doi = {10.1007/JHEP06(2010)043},
	Eprint = {1002.2581},
	Journal = {JHEP},
	Pages = {043},
	Primaryclass = {hep-ph},
	Reportnumber = {DESY-10-018, SFB-CPP-10-22, IPPP-10-11, DCPT-10-22},
	Slaccitation = {%%CITATION = ARXIV:1002.2581;%%},
	Title = {{A general framework for implementing NLO calculations in shower Monte Carlo programs: the POWHEG BOX}},
	Volume = {06},
	Year = {2010},
	Bdsk-Url-1 = {https://dx.doi.org/10.1007/JHEP06(2010)043}}

@article{Biedermann:2017bss,
	Archiveprefix = {arXiv},
	Author = {Biedermann, Benedikt and Denner, Ansgar and Pellen, Mathieu},
	Doi = {10.1007/JHEP10(2017)124},
	Eprint = {1708.00268},
	Journal = {JHEP},
	Pages = {124},
	Primaryclass = {hep-ph},
	Slaccitation = {%%CITATION = ARXIV:1708.00268;%%},
	Title = {{Complete NLO corrections to W$^{+}$W$^{+}$ scattering and its irreducible background at the LHC}},
	Volume = {10},
	Year = {2017},
	Bdsk-Url-1 = {https://dx.doi.org/10.1007/JHEP10(2017)124}}

@article{Frixione:2007vw,
	Archiveprefix = {arXiv},
	Author = {Frixione, Stefano and Nason, Paolo and Oleari, Carlo},
	Doi = {10.1088/1126-6708/2007/11/070},
	Eprint = {0709.2092},
	Journal = {JHEP},
	Pages = {070},
	Primaryclass = {hep-ph},
	Reportnumber = {BICOCCA-FT-07-9, GEF-TH-21-2007},
	Slaccitation = {%%CITATION = ARXIV:0709.2092;%%},
	Title = {{Matching NLO QCD computations with Parton Shower simulations: the POWHEG method}},
	Volume = {11},
	Year = {2007},
	Bdsk-Url-1 = {https://dx.doi.org/10.1088/1126-6708/2007/11/070}}

@article{Cascioli:2011va,
	Archiveprefix = {arXiv},
	Author = {Cascioli, Fabio and Maierh{\"o}fer, Philipp and Pozzorini, Stefano},
	Doi = {10.1103/PhysRevLett.108.111601},
	Eprint = {1111.5206},
	Journal = {Phys. Rev. Lett.},
	Pages = {111601},
	Primaryclass = {hep-ph},
	Reportnumber = {ZU-TH-23-11, LPN11-66},
	Slaccitation = {%%CITATION = ARXIV:1111.5206;%%},
	Title = {{Scattering Amplitudes with Open Loops}},
	Volume = {108},
	Year = {2012},
	Bdsk-Url-1 = {https://dx.doi.org/10.1103/PhysRevLett.108.111601}}

@article{Ossola:2007ax,
	Archiveprefix = {arXiv},
	Author = {Ossola, Giovanni and Papadopoulos, Costas G. and Pittau, Roberto},
	Doi = {10.1088/1126-6708/2008/03/042},
	Eprint = {0711.3596},
	Journal = {JHEP},
	Pages = {042},
	Primaryclass = {hep-ph},
	Slaccitation = {%%CITATION = ARXIV:0711.3596;%%},
	Title = {{CutTools: A Program implementing the OPP reduction method to compute one-loop amplitudes}},
	Volume = {03},
	Year = {2008},
	Bdsk-Url-1 = {https://dx.doi.org/10.1088/1126-6708/2008/03/042}}

@article{Hirschi:2016mdz,
	Archiveprefix = {arXiv},
	Author = {Hirschi, Valentin and Peraro, Tiziano},
	Doi = {10.1007/JHEP06(2016)060},
	Eprint = {1604.01363},
	Journal = {JHEP},
	Pages = {060},
	Primaryclass = {hep-ph},
	Reportnumber = {SLAC-PUB-16503, EDINBURGH-2016-05},
	Slaccitation = {%%CITATION = ARXIV:1604.01363;%%},
	Title = {{Tensor integrand reduction via Laurent expansion}},
	Volume = {06},
	Year = {2016},
	Bdsk-Url-1 = {https://dx.doi.org/10.1007/JHEP06(2016)060}}

@article{Peraro:2014cba,
	Archiveprefix = {arXiv},
	Author = {Peraro, Tiziano},
	Doi = {10.1016/j.cpc.2014.06.017},
	Eprint = {1403.1229},
	Journal = {Comput. Phys. Commun.},
	Pages = {2771-2797},
	Primaryclass = {hep-ph},
	Reportnumber = {MPP-2014-50},
	Slaccitation = {%%CITATION = ARXIV:1403.1229;%%},
	Title = {{Ninja: Automated Integrand Reduction via Laurent Expansion for One-Loop Amplitudes}},
	Volume = {185},
	Year = {2014},
	Bdsk-Url-1 = {https://dx.doi.org/10.1016/j.cpc.2014.06.017}}

@article{Davydychev:1991va,
	Author = {Davydychev, Andrei I.},
	Doi = {10.1016/0370-2693(91)91715-8},
	Journal = {Phys. Lett.},
	Pages = {107-111},
	Reportnumber = {MSU-91-10-214},
	Slaccitation = {%%CITATION = PHLTA,B263,107;%%},
	Title = {{A Simple formula for reducing Feynman diagrams to scalar integrals}},
	Volume = {B263},
	Year = {1991},
	Bdsk-Url-1 = {https://dx.doi.org/10.1016/0370-2693(91)91715-8}}

@article{Mastrolia:2012bu,
	Archiveprefix = {arXiv},
	Author = {Mastrolia, Pierpaolo and Mirabella, Edoardo and Peraro, Tiziano},
	Doi = {10.1007/JHEP11(2012)128, 10.1007/JHEP06(2012)095},
	Eprint = {1203.0291},
	Journal = {JHEP},
	Note = {[Erratum: JHEP11,128(2012)]},
	Pages = {095},
	Primaryclass = {hep-ph},
	Reportnumber = {MPI-2012-51},
	Slaccitation = {%%CITATION = ARXIV:1203.0291;%%},
	Title = {{Integrand reduction of one-loop scattering amplitudes through Laurent series expansion}},
	Volume = {06},
	Year = {2012},
	Bdsk-Url-1 = {https://dx.doi.org/10.1007/JHEP11(2012)128,%2010.1007/JHEP06(2012)095}}

@article{Ossola:2006us,
	Archiveprefix = {arXiv},
	Author = {Ossola, Giovanni and Papadopoulos, Costas G. and Pittau, Roberto},
	Doi = {10.1016/j.nuclphysb.2006.11.012},
	Eprint = {hep-ph/0609007},
	Journal = {Nucl. Phys.},
	Pages = {147-169},
	Primaryclass = {hep-ph},
	Slaccitation = {%%CITATION = HEP-PH/0609007;%%},
	Title = {{Reducing full one-loop amplitudes to scalar integrals at the integrand level}},
	Volume = {B763},
	Year = {2007},
	Bdsk-Url-1 = {https://dx.doi.org/10.1016/j.nuclphysb.2006.11.012}}

@article{ShaoIREGI,
	Author = {H.-S. Shao},
	Title = {IREGI user manual, unpublished}}

@article{Frederix:2016rdc,
	Archiveprefix = {arXiv},
	Author = {Frederix, Rikkert and Frixione, Stefano and Papanastasiou, Andrew S. and Prestel, Stefan and Torrielli, Paolo},
	Doi = {10.1007/JHEP06(2016)027},
	Eprint = {1603.01178},
	Journal = {JHEP},
	Pages = {027},
	Primaryclass = {hep-ph},
	Reportnumber = {CAVENDISH-HEP-16-03, TUM-HEP-1037-16},
	Slaccitation = {%%CITATION = ARXIV:1603.01178;%%},
	Title = {{Off-shell single-top production at NLO matched to parton showers}},
	Volume = {06},
	Year = {2016},
	Bdsk-Url-1 = {https://dx.doi.org/10.1007/JHEP06(2016)027}}

@article{Frederix:2009yq,
	Archiveprefix = {arXiv},
	Author = {Frederix, Rikkert and Frixione, Stefano and Maltoni, Fabio and Stelzer, Tim},
	Doi = {10.1088/1126-6708/2009/10/003},
	Eprint = {0908.4272},
	Journal = {JHEP},
	Pages = {003},
	Primaryclass = {hep-ph},
	Reportnumber = {CERN-TH-2009-157, CP3-09-39},
	Slaccitation = {%%CITATION = ARXIV:0908.4272;%%},
	Title = {{Automation of next-to-leading order computations in QCD: the FKS subtraction}},
	Volume = {10},
	Year = {2009},
	Bdsk-Url-1 = {https://dx.doi.org/10.1088/1126-6708/2009/10/003}}

@article{Frixione:1997np,
	Archiveprefix = {arXiv},
	Author = {Frixione, S.},
	Doi = {10.1016/S0550-3213(97)00574-9},
	Eprint = {hep-ph/9706545},
	Journal = {Nucl. Phys.},
	Pages = {295-314},
	Primaryclass = {hep-ph},
	Reportnumber = {ETH-TH-97-14},
	Slaccitation = {%%CITATION = HEP-PH/9706545;%%},
	Title = {{A general approach to jet cross-sections in QCD}},
	Volume = {B507},
	Year = {1997},
	Bdsk-Url-1 = {https://dx.doi.org/10.1016/S0550-3213(97)00574-9}}

@article{Frixione:1995ms,
	Archiveprefix = {arXiv},
	Author = {Frixione, S. and Kunszt, Z. and Signer, A.},
	Doi = {10.1016/0550-3213(96)00110-1},
	Eprint = {hep-ph/9512328},
	Journal = {Nucl. Phys.},
	Pages = {399-442},
	Primaryclass = {hep-ph},
	Reportnumber = {SLAC-PUB-7073, SLAC-PUB-95-7073, ETH-TH-95-42},
	Slaccitation = {%%CITATION = HEP-PH/9512328;%%},
	Title = {{Three jet cross-sections to next-to-leading order}},
	Volume = {B467},
	Year = {1996},
	Bdsk-Url-1 = {https://dx.doi.org/10.1016/0550-3213(96)00110-1}}

@article{Dittmaier:2002ap,
	Archiveprefix = {arXiv},
	Author = {Dittmaier, Stefan and Roth, Markus},
	Doi = {10.1016/S0550-3213(02)00640-5},
	Eprint = {hep-ph/0206070},
	Journal = {Nucl. Phys.},
	Pages = {307-343},
	Primaryclass = {hep-ph},
	Reportnumber = {DESY-02-081, KA-TP-10-2002},
	Slaccitation = {%%CITATION = HEP-PH/0206070;%%},
	Title = {{LUSIFER: A LUcid approach to six FERmion production}},
	Volume = {B642},
	Year = {2002},
	Bdsk-Url-1 = {https://dx.doi.org/10.1016/S0550-3213(02)00640-5}}


@article{CMS:2017adb,
	Collaboration = {CMS},
	Institution = {CERN},
	Note = {CMS-PAS-SMP-17-004},
	Reportnumber = {CMS-PAS-SMP-17-004},
	Title = {{Observation of electroweak production of same-sign W boson pairs in the two jet and two same-sign lepton final state in proton-proton collisions at 13 TeV}},
	Year = {2017}}

@article{ATLAS:2018ogo,
      title          = "{Observation of electroweak production of a same-sign $W$
                        boson pair in association with two jets in $pp$ collisions
                        at $\sqrt{s}=13$ TeV with the ATLAS detector}",
      collaboration  = "ATLAS",
      year           = "2018",
      report         = "ATLAS-CONF-2018-030",
      Url = {https://cds.cern.ch/record/2629411},
      SLACcitation   = "%%CITATION = ATLAS-CONF-2018-030;%%"
}

@article{Denner:2002ii,
	Author = {Denner, A. and Dittmaier, S.},
	Eprint = {hep-ph/0212259},
	Journal = {Nucl. Phys.},
	Pages = {175-202},
	Slaccitation = {%%CITATION = HEP-PH 0212259;%%},
	Title = {Reduction of one-loop tensor 5-point integrals},
	Volume = {B658},
	Year = {2003}}

@article{Denner:2005nn,
	Author = {Denner, A. and Dittmaier, S.},
	Eprint = {hep-ph/0509141},
	Journal = {Nucl. Phys.},
	Pages = {62-115},
	Slaccitation = {%%CITATION = HEP-PH 0509141;%%},
	Title = {Reduction schemes for one-loop tensor integrals},
	Volume = {B734},
	Year = {2006}}

@article{Denner:2005fg,
	Archiveprefix = {arXiv},
        author         = "Denner, Ansgar and Dittmaier, S. and Roth, M. and
                        Wieders, L. H.",
	Doi = {10.1016/j.nuclphysb.2005.06.033},
	Eprint = {hep-ph/0505042},
	Journal = {Nucl. Phys.},
	Pages = {247-294},
	Slaccitation = {%%CITATION = HEP-PH/0505042;%%},
	Title = {{Electroweak corrections to charged-current $e^+ e^-\to 4\,$ fermion processes: Technical details and further results}},
	Volume = {B724},
	Year = {2005},
	Bdsk-Url-1 = {https://dx.doi.org/10.1016/j.nuclphysb.2005.06.033}}

@article{Denner:2005es,
	Archiveprefix = {arXiv},
        author         = "Denner, Ansgar and Dittmaier, S. and Roth, M. and
                        Wieders, L. H.",
	Doi = {10.1016/j.physletb.2005.03.007},
	Eprint = {hep-ph/0502063},
	Journal = {Phys. Lett.},
	Pages = {223-232},
	Slaccitation = {%%CITATION = HEP-PH/0502063;%%},
	Title = {{Complete electroweak $O(\alpha)$ corrections to charged- current $e^+ e^-\to 4\,$fermion processes}},
	Volume = {B612},
	Year = {2005},
	Bdsk-Url-1 = {https://dx.doi.org/10.1016/j.physletb.2005.03.007}}

@article{Dittmaier:1999mb,
	Archiveprefix = {arXiv},
	Author = {Dittmaier, Stefan},
	Doi = {10.1016/S0550-3213(99)00563-5},
	Eprint = {hep-ph/9904440},
	Journal = {Nucl. Phys.},
	Pages = {69-122},
	Slaccitation = {%%CITATION = HEP-PH/9904440;%%},
	Title = {{A general approach to photon radiation off fermions}},
	Volume = {B565},
	Year = {2000},
	Bdsk-Url-1 = {https://dx.doi.org/10.1016/S0550-3213(99)00563-5}}

@article{Denner:1999gp,
	Archiveprefix = {arXiv},
        author         = "Denner, Ansgar and Dittmaier, S. and Roth, M. and
                        Wackeroth, D.",
	Doi = {10.1016/S0550-3213(99)00437-X},
	Eprint = {hep-ph/9904472},
	Journal = {Nucl. Phys.},
	Pages = {33-65},
	Slaccitation = {%%CITATION = HEP-PH/9904472;%%},
	Title = {{Predictions for all processes $e^+ e^-\to4\,$fermions ${}+ \gamma$}},
	Volume = {B560},
	Year = {1999},
	Bdsk-Url-1 = {https://dx.doi.org/10.1016/S0550-3213(99)00437-X}}

@article{Dittmaier:2008md,
	Archiveprefix = {arXiv},
	Author = {Dittmaier, Stefan and Kabelschacht, Alois and Kasprzik, Tobias},
	Doi = {10.1016/j.nuclphysb.2008.03.010},
	Eprint = {0802.1405},
	Journal = {Nucl. Phys.},
	Pages = {146-189},
	Primaryclass = {hep-ph},
	Reportnumber = {MPP-2008-4},
	Slaccitation = {%%CITATION = ARXIV:0802.1405;%%},
	Title = {{Polarized QED splittings of massive fermions and dipole subtraction for non-collinear-safe observables}},
	Volume = {B800},
	Year = {2008},
	Bdsk-Url-1 = {https://dx.doi.org/10.1016/j.nuclphysb.2008.03.010}}

@article{Denner:2010tr,
	Archiveprefix = {arXiv},
	Author = {Denner, A. and Dittmaier, S.},
	Doi = {10.1016/j.nuclphysb.2010.11.002},
	Eprint = {1005.2076},
	Journal = {Nucl. Phys.},
	Pages = {199-242},
	Primaryclass = {hep-ph},
	Reportnumber = {FR-PHENO-2010-020, PSI-PR-10-10},
	Slaccitation = {%%CITATION = ARXIV:1005.2076;%%},
	Title = {{Scalar one-loop 4-point integrals}},
	Volume = {B844},
	Year = {2011},
	Bdsk-Url-1 = {https://dx.doi.org/10.1016/j.nuclphysb.2010.11.002}}

@article{Bierweiler:2013dja,
	Archiveprefix = {arXiv},
	Author = {Bierweiler, Anastasiya and Kasprzik, Tobias and {K\"uhn}, Johann H.},
	Doi = {10.1007/JHEP12(2013)071},
	Eprint = {1305.5402},
	Journal = {JHEP},
	Pages = {071},
	Primaryclass = {hep-ph},
	Slaccitation = {%%CITATION = ARXIV:1305.5402;%%},
	Title = {{Vector-boson pair production at the LHC to $\mathcal{O}(\alpha^3)$ accuracy}},
	Volume = {12},
	Year = {2013},
	Bdsk-Url-1 = {https://dx.doi.org/10.1007/JHEP12(2013)071}}

@article{Nason:2006hfa,
	Archiveprefix = {arXiv},
	Author = {Nason, Paolo and Ridolfi, Giovanni},
	Doi = {10.1088/1126-6708/2006/08/077},
	Eprint = {hep-ph/0606275},
	Journal = {JHEP},
	Pages = {077},
	Primaryclass = {hep-ph},
	Reportnumber = {BICOCCA-FT-06-11, GEF-TH-1-2006},
	Slaccitation = {%%CITATION = HEP-PH/0606275;%%},
	Title = {{A Positive-weight next-to-leading-order Monte Carlo for Z pair hadroproduction}},
	Volume = {08},
	Year = {2006},
	Bdsk-Url-1 = {https://dx.doi.org/10.1088/1126-6708/2006/08/077}}

@article{Hamilton:2010mb,
	Archiveprefix = {arXiv},
	Author = {Hamilton, Keith},
	Doi = {10.1007/JHEP01(2011)009},
	Eprint = {1009.5391},
	Journal = {JHEP},
	Pages = {009},
	Primaryclass = {hep-ph},
	Reportnumber = {MCNET-10-18},
	Slaccitation = {%%CITATION = ARXIV:1009.5391;%%},
	Title = {{A positive-weight next-to-leading order simulation of weak boson pair production}},
	Volume = {01},
	Year = {2011},
	Bdsk-Url-1 = {https://dx.doi.org/10.1007/JHEP01(2011)009}}

@article{Hoche:2010pf,
	Archiveprefix = {arXiv},
	Author = {H{\"o}che, Stefan and others},
	Doi = {10.1007/JHEP04(2011)024},
	Eprint = {1008.5399},
	Journal = {JHEP},
	Pages = {024},
	Primaryclass = {hep-ph},
	Reportnumber = {ZU-TH-12-10, IPPP-10-72, DCPT-10-144, CERN-PH-TH-2010-194, MCNET-10-16},
	Slaccitation = {%%CITATION = ARXIV:1008.5399;%%},
	Title = {{Automating the POWHEG method in Sherpa}},
	Volume = {04},
	Year = {2011},
	Bdsk-Url-1 = {https://dx.doi.org/10.1007/JHEP04(2011)024}}

@article{Melia:2011tj,
	Archiveprefix = {arXiv},
        author         = "Melia, Tom and Nason, Paolo and Rontsch, Raoul and
                        Zanderighi, Giulia",
	Doi = {10.1007/JHEP11(2011)078},
	Eprint = {1107.5051},
	Journal = {JHEP},
	Pages = {078},
	Primaryclass = {hep-ph},
	Slaccitation = {%%CITATION = ARXIV:1107.5051;%%},
	Title = {{$W^+W^-$, $WZ$ and $ZZ$ production in the POWHEG BOX}},
	Volume = {11},
	Year = {2011},
	Bdsk-Url-1 = {https://dx.doi.org/10.1007/JHEP11(2011)078}}

@article{Frederix:2011ss,
	Archiveprefix = {arXiv},
        author         = "Frederix, Rikkert and Frixione, Stefano and Hirschi,
                        Valentin and Maltoni, Fabio and Pittau, Roberto and
                        Torrielli, Paolo",
	Doi = {10.1007/JHEP02(2012)099},
	Eprint = {1110.4738},
	Journal = {JHEP},
	Pages = {099},
	Primaryclass = {hep-ph},
	Reportnumber = {CERN-PH-TH-2011-250, CP3-11-32, ZU-TH-19-11, NSF-KITP-11-115},
	Slaccitation = {%%CITATION = ARXIV:1110.4738;%%},
	Title = {{Four-lepton production at hadron colliders: aMC@NLO predictions with theoretical uncertainties}},
	Volume = {02},
	Year = {2012},
	Bdsk-Url-1 = {https://dx.doi.org/10.1007/JHEP02(2012)099}}

@article{Cascioli:2013gfa,
	Archiveprefix = {arXiv},
	Author = {Cascioli, F. and others},
	Doi = {10.1007/JHEP01(2014)046},
	Eprint = {1309.0500},
	Journal = {JHEP},
	Pages = {046},
	Primaryclass = {hep-ph},
	Reportnumber = {IPPP-13-66, DCPT-13-132, MCNET-13-12, SLAC-PUB-15714, ZU-TH-15-13, LPN13-056, FR-PHENO-2013-007},
	Slaccitation = {%%CITATION = ARXIV:1309.0500;%%},
	Title = {{Precise Higgs-background predictions: merging NLO QCD and squared quark-loop corrections to four-lepton + 0,1 jet production}},
	Volume = {01},
	Year = {2014},
	Bdsk-Url-1 = {https://dx.doi.org/10.1007/JHEP01(2014)046}}

@article{Gieseke:2014gka,
	Archiveprefix = {arXiv},
	Author = {Gieseke, Stefan and Kasprzik, Tobias and {K\"uhn}, Johann H.},
	Doi = {10.1140/epjc/s10052-014-2988-y},
	Eprint = {1401.3964},
	Journal = {Eur. Phys. J.},
	Number = {8},
	Pages = {2988},
	Primaryclass = {hep-ph},
	Slaccitation = {%%CITATION = ARXIV:1401.3964;%%},
	Title = {{Vector-boson pair production and electroweak corrections in HERWIG++}},
	Volume = {C74},
	Year = {2014},
	Bdsk-Url-1 = {https://dx.doi.org/10.1140/epjc/s10052-014-2988-y}}

@article{Denner:2014gla,
	Archiveprefix = {arXiv},
	Author = {Denner, Ansgar and Dittmaier, Stefan and Hofer, Lars},
	Booktitle = {{Proceedings, 12th DESY Workshop on Elementary Particle Physics: Loops and Legs in Quantum Field Theory (LL2014)}},
	Eprint = {1407.0087},
	Journal = {PoS},
	Pages = {071},
	Primaryclass = {hep-ph},
	Slaccitation = {%%CITATION = ARXIV:1407.0087;%%},
	Title = {{COLLIER - A fortran-library for one-loop integrals}},
	Volume = {LL2014},
	Year = {2014}}

@article{Actis:2012qn,
	Archiveprefix = {arXiv},
	Author = "Actis, S. and Denner, A. and Hofer, L. and Scharf, A. and
                        Uccirati, S.",
	Doi = {10.1007/JHEP04(2013)037},
	Eprint = {1211.6316},
	Journal = {JHEP},
	Pages = {037},
	Primaryclass = {hep-ph},
	Reportnumber = {PSI-PR-12-09},
	Slaccitation = {%%CITATION = ARXIV:1211.6316;%%},
	Title = {{Recursive generation of one-loop amplitudes in the Standard Model}},
	Volume = {04},
	Year = {2013},
	Bdsk-Url-1 = {https://dx.doi.org/10.1007/JHEP04(2013)037}}

@article{Uccirati:2014fda,
	Author = {Actis, Stefano and others},
	Booktitle = {{Proceedings, 12th DESY Workshop on Elementary Particle Physics: Loops and Legs in Quantum Field Theory (LL2014)}},
	Journal = {PoS},
	Pages = {023},
	Slaccitation = {%%CITATION = POSCI,LL2014,023;%%},
	Title = {{Automatizing one-loop computation in the SM with RECOLA}},
	Volume = {LL2014},
	Year = {2014}}

@article{Accomando:2005ra,
	Archiveprefix = {arXiv},
	Author = {Accomando, E. and Denner, Ansgar and Meier, C.},
	Doi = {10.1140/epjc/s2006-02521-y},
	Eprint = {hep-ph/0509234},
	Journal = {Eur. Phys. J.},
	Pages = {125-146},
	Primaryclass = {hep-ph},
	Reportnumber = {PSI-PR-05-09, ZU-TH-18-05, DFTT-30-05},
	Slaccitation = {%%CITATION = HEP-PH/0509234;%%},
	Title = {{Electroweak corrections to $W \gamma$ and $Z \gamma$ production at the LHC}},
	Volume = {C47},
	Year = {2006},
	Bdsk-Url-1 = {https://dx.doi.org/10.1140/epjc/s2006-02521-y}}

@article{Chatrchyan:2013mxa,
	Archiveprefix = {arXiv},
	Author = {Chatrchyan, Serguei and others},
	Collaboration = {CMS},
	Doi = {10.1103/PhysRevD.89.092007},
	Eprint = {1312.5353},
	Journal = {Phys. Rev.},
	Number = {9},
	Pages = {092007},
	Primaryclass = {hep-ex},
	Reportnumber = {CMS-HIG-13-002, CERN-PH-EP-2013-220},
	Slaccitation = {%%CITATION = ARXIV:1312.5353;%%},
	Title = {{Measurement of the properties of a Higgs boson in the four-lepton final state}},
	Volume = {D89},
	Year = {2014},
	Bdsk-Url-1 = {https://dx.doi.org/10.1103/PhysRevD.89.092007}}

@article{Aad:2014eva,
	Archiveprefix = {arXiv},
	Author = {Aad, Georges and others},
	Collaboration = {ATLAS},
	Doi = {10.1103/PhysRevD.91.012006},
	Eprint = {1408.5191},
	Journal = {Phys. Rev.},
	Number = {1},
	Pages = {012006},
	Primaryclass = {hep-ex},
	Reportnumber = {CERN-PH-EP-2014-170},
	Slaccitation = {%%CITATION = ARXIV:1408.5191;%%},
	Title = {{Measurements of Higgs boson production and couplings in the four-lepton channel in pp collisions at center-of-mass energies of 7 and 8 TeV with the ATLAS detector}},
	Volume = {D91},
	Year = {2015},
	Bdsk-Url-1 = {https://dx.doi.org/10.1103/PhysRevD.91.012006}}

@article{Choi:2002jk,
	Archiveprefix = {arXiv},
	Author = {Choi, S. Y. and Miller, D. J. and M{\"u}hlleitner, M. M. and Zerwas, P. M.},
	Doi = {10.1016/S0370-2693(02)03191-X},
	Eprint = {hep-ph/0210077},
	Journal = {Phys. Lett.},
	Pages = {61-71},
	Primaryclass = {hep-ph},
	Reportnumber = {CERN-TH-2002-231, DESY-02-150, PM-02-26},
	Slaccitation = {%%CITATION = HEP-PH/0210077;%%},
	Title = {{Identifying the Higgs spin and parity in decays to Z pairs}},
	Volume = {B553},
	Year = {2003},
	Bdsk-Url-1 = {https://dx.doi.org/10.1016/S0370-2693(02)03191-X}}

@article{Bredenstein:2006rh,
	Archiveprefix = {arXiv},
	Author = {Bredenstein, A. and others},
	Doi = {10.1103/PhysRevD.74.013004},
	Eprint = {hep-ph/0604011},
	Journal = {Phys. Rev.},
	Pages = {013004},
	Primaryclass = {hep-ph},
	Reportnumber = {MPP-2005-24, PSI-PR-06-05},
	Slaccitation = {%%CITATION = HEP-PH/0604011;%%},
	Title = {{Precise predictions for the Higgs-boson decay $H\to WW/ZZ\to4\,$ leptons}},
	Volume = {D74},
	Year = {2006},
	Bdsk-Url-1 = {https://dx.doi.org/10.1103/PhysRevD.74.013004}}

@article{Billoni:2013aba,
	Archiveprefix = {arXiv},
	Author = {Billoni, M. and others},
	Doi = {10.1007/JHEP12(2013)043},
	Eprint = {1310.1564},
	Journal = {JHEP},
	Pages = {043},
	Primaryclass = {hep-ph},
	Reportnumber = {FR-PHENO-2013-009, MITP-13-060},
	Slaccitation = {%%CITATION = ARXIV:1310.1564;%%},
	Title = {{Next-to-leading order electroweak corrections to $pp\to W^+W^-\to4\,$ leptons at the LHC in double-pole approximation}},
	Volume = {12},
	Year = {2013},
	Bdsk-Url-1 = {https://dx.doi.org/10.1007/JHEP12(2013)043}}

@article{Manohar:2016nzj,
	Archiveprefix = {arXiv},
	Author = {Manohar, Aneesh and Nason, Paolo and Salam, Gavin P. and Zanderighi, Giulia},
	Doi = {10.1103/PhysRevLett.117.242002},
	Eprint = {1607.04266},
	Journal = {Phys. Rev. Lett.},
	Number = {24},
	Pages = {242002},
	Primaryclass = {hep-ph},
	Reportnumber = {CERN-TH-2016-155},
	Slaccitation = {%%CITATION = ARXIV:1607.04266;%%},
	Title = {{How bright is the proton? A precise determination of the photon parton distribution function}},
	Volume = {117},
	Year = {2016},
	Bdsk-Url-1 = {https://dx.doi.org/10.1103/PhysRevLett.117.242002}}

@article{Aad:2014zda,
	Archiveprefix = {arXiv},
	Author = {Aad, Georges and others},
	Collaboration = {ATLAS},
	Doi = {10.1103/PhysRevLett.113.141803},
	Eprint = {1405.6241},
	Journal = {Phys. Rev. Lett.},
	Number = {14},
	Pages = {141803},
	Primaryclass = {hep-ex},
	Reportnumber = {CERN-PH-EP-2014-079},
	Slaccitation = {%%CITATION = ARXIV:1405.6241;%%},
	Title = {{Evidence for Electroweak Production of $W^{\pm}W^{\pm}jj$ in $pp$ Collisions at $\sqrt{s}=8$ TeV with the ATLAS Detector}},
	Volume = {113},
	Year = {2014},
	Bdsk-Url-1 = {https://dx.doi.org/10.1103/PhysRevLett.113.141803}}

@article{Khachatryan:2014sta,
	Archiveprefix = {arXiv},
	Author = {Khachatryan, Vardan and others},
	Collaboration = {CMS},
	Doi = {10.1103/PhysRevLett.114.051801},
	Eprint = {1410.6315},
	Journal = {Phys. Rev. Lett.},
	Number = {5},
	Pages = {051801},
	Primaryclass = {hep-ex},
	Reportnumber = {CMS-SMP-13-015, CERN-PH-EP-2014-250},
	Slaccitation = {%%CITATION = ARXIV:1410.6315;%%},
	Title = {{Study of vector boson scattering and search for new physics in events with two same-sign leptons and two jets}},
	Volume = {114},
	Year = {2015},
	Bdsk-Url-1 = {https://dx.doi.org/10.1103/PhysRevLett.114.051801}}

@article{Aaboud:2016ffv,
	Archiveprefix = {arXiv},
	Author = {Aaboud, Morad and others},
	Collaboration = {ATLAS},
	Doi = {10.1103/PhysRevD.96.012007},
	Eprint = {1611.02428},
	Journal = {Phys. Rev.},
	Pages = {012007},
	Primaryclass = {hep-ex},
	Reportnumber = {CERN-EP-2016-167},
	Slaccitation = {%%CITATION = ARXIV:1611.02428;%%},
	Title = {{Measurement of $W^{\pm}W^{\pm}$ vector-boson scattering and limits on anomalous quartic gauge couplings with the ATLAS detector}},
	Volume = {D96},
	Year = {2017},
	Bdsk-Url-1 = {https://dx.doi.org/10.1103/PhysRevD.96.012007}}

@article{Cacciari:2008gp,
	Archiveprefix = {arXiv},
	Author = {Cacciari, Matteo and Salam, Gavin P. and Soyez, Gregory},
	Doi = {10.1088/1126-6708/2008/04/063},
	Eprint = {0802.1189},
	Journal = {JHEP},
	Pages = {063},
	Primaryclass = {hep-ph},
	Reportnumber = {LPTHE-07-03},
	Slaccitation = {%%CITATION = ARXIV:0802.1189;%%},
	Title = {{The anti-$k_t$ jet clustering algorithm}},
	Volume = {04},
	Year = {2008},
	Bdsk-Url-1 = {https://dx.doi.org/10.1088/1126-6708/2008/04/063}}

@article{Campbell:2015vwa,
	Archiveprefix = {arXiv},
	Author = {Campbell, John M. and Ellis, R. Keith},
	Doi = {10.1007/JHEP04(2015)030},
	Eprint = {1502.02990},
	Journal = {JHEP},
	Pages = {030},
	Primaryclass = {hep-ph},
	Reportnumber = {FERMILAB-PUB-15-030-T},
	Slaccitation = {%%CITATION = ARXIV:1502.02990;%%},
	Title = {{Higgs constraints from vector boson fusion and scattering}},
	Volume = {04},
	Year = {2015},
	Bdsk-Url-1 = {https://dx.doi.org/10.1007/JHEP04(2015)030}}

@article{Actis:2016mpe,
	Archiveprefix = {arXiv},
	Author = "Actis, Stefano and Denner, Ansgar and Hofer, Lars and
                        Lang, Jean-Nicolas and Scharf, Andreas and Uccirati,
                        Sandro",
	Doi = {10.1016/j.cpc.2017.01.004},
	Eprint = {1605.01090},
	Journal = {Comput. Phys. Commun.},
	Pages = {140-173},
	Primaryclass = {hep-ph},
	Reportnumber = {ICCUB-16-020},
	Slaccitation = {%%CITATION = ARXIV:1605.01090;%%},
	Title = {{RECOLA: REcursive Computation of One-Loop Amplitudes}},
	Volume = {214},
	Year = {2017},
	Bdsk-Url-1 = {https://dx.doi.org/10.1016/j.cpc.2017.01.004}}

@article{Denner:2016jyo,
	Archiveprefix = {arXiv},
	Author = {Denner, Ansgar and Pellen, Mathieu},
	Doi = {10.1007/JHEP08(2016)155},
	Eprint = {1607.05571},
	Journal = {JHEP},
	Pages = {155},
	Primaryclass = {hep-ph},
	Slaccitation = {%%CITATION = ARXIV:1607.05571;%%},
	Title = {{NLO electroweak corrections to off-shell top-antitop production with leptonic decays at the LHC}},
	Volume = {08},
	Year = {2016},
	Bdsk-Url-1 = {https://dx.doi.org/10.1007/JHEP08(2016)155}}

@article{Biedermann:2016guo,
	Archiveprefix = {arXiv},
	Author = {Biedermann, Benedikt and others},
	Doi = {10.1007/JHEP06(2016)065},
	Eprint = {1605.03419},
	Journal = {JHEP},
	Pages = {065},
	Primaryclass = {hep-ph},
	Reportnumber = {FR-PHENO-2016-005, ICCUB-16-021},
	Slaccitation = {%%CITATION = ARXIV:1605.03419;%%},
	Title = {{Next-to-leading-order electroweak corrections to $pp \to W^+W^-\to$ 4 leptons at the LHC}},
	Volume = {06},
	Year = {2016},
	Bdsk-Url-1 = {https://dx.doi.org/10.1007/JHEP06(2016)065}}

@article{Biedermann:2016yvs,
	Archiveprefix = {arXiv},
	Author = {Biedermann, B. and Denner, A. and Dittmaier, S. and Hofer, L. and J{\"a}ger, B.},
	Doi = {10.1103/PhysRevLett.116.161803},
	Eprint = {1601.07787},
	Journal = {Phys. Rev. Lett.},
	Number = {16},
	Pages = {161803},
	Primaryclass = {hep-ph},
	Reportnumber = {FR-PHENO-2016-002, ICCUB-16-003},
	Slaccitation = {%%CITATION = ARXIV:1601.07787;%%},
	Title = {{Electroweak corrections to $pp \to \mu^+\mu^-e^+e^- + X$ at the LHC: a Higgs background study}},
	Volume = {116},
	Year = {2016},
	Bdsk-Url-1 = {https://dx.doi.org/10.1103/PhysRevLett.116.161803}}

@article{Denner:2016kdg,
	Archiveprefix = {arXiv},
	Author = {Denner, Ansgar and Dittmaier, Stefan and Hofer, Lars},
	Doi = {10.1016/j.cpc.2016.10.013},
	Eprint = {1604.06792},
	Journal = {Comput. Phys. Commun.},
	Pages = {220-238},
	Primaryclass = {hep-ph},
	Reportnumber = {FR-PHENO-2016-003, ICCUB-16-016},
	Slaccitation = {%%CITATION = ARXIV:1604.06792;%%},
	Title = {{{\sc COLLIER}: a fortran-based Complex One-Loop LIbrary in Extended Regularizations}},
	Volume = {212},
	Year = {2017},
	Bdsk-Url-1 = {https://dx.doi.org/10.1016/j.cpc.2016.10.013}}

@article{Catani:1996vz,
	Archiveprefix = {arXiv},
	Author = {Catani, S. and Seymour, M. H.},
	Doi = {10.1016/S0550-3213(96)00589-5},
	Eprint = {hep-ph/9605323},
	Journal = {Nucl. Phys.},
	Note = {[Erratum: Nucl. Phys. {\bf B510} (1998) 503]},
	Pages = {291-419},
	Primaryclass = {hep-ph},
	Reportnumber = {CERN-TH-96-029, CERN-TH-96-29},
	Slaccitation = {%%CITATION = HEP-PH/9605323;%%},
	Title = {{A general algorithm for calculating jet cross-sections in NLO QCD}},
	Volume = {B485},
	Year = {1997},
	Bdsk-Url-1 = {https://dx.doi.org/10.1016/S0550-3213(96)00589-5}}

@article{Alwall:2014hca,
	Archiveprefix = {arXiv},
	Author = {Alwall, J. and others},
	Doi = {10.1007/JHEP07(2014)079},
	Eprint = {1405.0301},
	Journal = {JHEP},
	Pages = {079},
	Primaryclass = {hep-ph},
	Reportnumber = {CERN-PH-TH-2014-064, CP3-14-18, LPN14-066, MCNET-14-09, ZU-TH-14-14},
	Slaccitation = {%%CITATION = ARXIV:1405.0301;%%},
	Title = {{The automated computation of tree-level and next-to-leading order differential cross sections, and their matching to parton shower simulations}},
	Volume = {07},
	Year = {2014},
	Bdsk-Url-1 = {https://dx.doi.org/10.1007/JHEP07(2014)079}}

@article{Dittmaier:2015bfe,
	Archiveprefix = {arXiv},
	Author = {Dittmaier, Stefan and Schwan, Christopher},
	Doi = {10.1140/epjc/s10052-016-3968-1},
	Eprint = {1511.01698},
	Journal = {Eur. Phys. J.},
	Number = {3},
	Pages = {144},
	Primaryclass = {hep-ph},
	Reportnumber = {FR-PHENO-2015-008},
	Slaccitation = {%%CITATION = ARXIV:1511.01698;%%},
	Title = {{Non-factorizable photonic corrections to resonant production and decay of many unstable particles}},
	Volume = {C76},
	Year = {2016},
	Bdsk-Url-1 = {https://dx.doi.org/10.1140/epjc/s10052-016-3968-1}}

@article{Melia:2011dw,
	Archiveprefix = {arXiv},
	Author = {Melia, Tom and Melnikov, Kirill and R{\"o}ntsch, Raoul and Zanderighi, Giulia},
	Doi = {10.1103/PhysRevD.83.114043},
	Eprint = {1104.2327},
	Journal = {Phys. Rev.},
	Pages = {114043},
	Primaryclass = {hep-ph},
	Slaccitation = {%%CITATION = ARXIV:1104.2327;%%},
	Title = {{NLO QCD corrections for $W^+W^-$ pair production in association with two jets at hadron colliders}},
	Volume = {D83},
	Year = {2011},
	Bdsk-Url-1 = {https://dx.doi.org/10.1103/PhysRevD.83.114043}}

@article{Melia:2011gk,
	Archiveprefix = {arXiv},
	Author = {Melia, Tom and Nason, Paolo and R{\"o}ntsch, Raoul and Zanderighi, Giulia},
	Doi = {10.1140/epjc/s10052-011-1670-x},
	Eprint = {1102.4846},
	Journal = {Eur. Phys. J.},
	Pages = {1670},
	Primaryclass = {hep-ph},
	Slaccitation = {%%CITATION = ARXIV:1102.4846;%%},
	Title = {{$W^+W^+$ plus dijet production in the POWHEGBOX}},
	Volume = {C71},
	Year = {2011},
	Bdsk-Url-1 = {https://dx.doi.org/10.1140/epjc/s10052-011-1670-x}}

@article{Melia:2010bm,
	Archiveprefix = {arXiv},
	Author = {Melia, Tom and Melnikov, Kirill and R{\"o}ntsch, Raoul and Zanderighi, Giulia},
	Doi = {10.1007/JHEP12(2010)053},
	Eprint = {1007.5313},
	Journal = {JHEP},
	Pages = {053},
	Primaryclass = {hep-ph},
	Slaccitation = {%%CITATION = ARXIV:1007.5313;%%},
	Title = {{Next-to-leading order QCD predictions for $W^+W^+jj$ production at the LHC}},
	Volume = {12},
	Year = {2010},
	Bdsk-Url-1 = {https://dx.doi.org/10.1007/JHEP12(2010)053}}

@article{Denner:2012dz,
	Archiveprefix = {arXiv},
	Author = {Denner, A. and Ho\v{s}ekov\'a, L. and Kallweit, S.},
	Doi = {10.1103/PhysRevD.86.114014},
	Eprint = {1209.2389},
	Journal = {Phys. Rev.},
	Pages = {114014},
	Primaryclass = {hep-ph},
	Reportnumber = {LPN12-093, ZU-TH-19-12},
	Slaccitation = {%%CITATION = ARXIV:1209.2389;%%},
	Title = {{NLO QCD corrections to $W^+ W^+ jj$ production in vector-boson fusion at the LHC}},
	Volume = {D86},
	Year = {2012},
	Bdsk-Url-1 = {https://dx.doi.org/10.1103/PhysRevD.86.114014}}

@article{Baglio:2014uba,
	Archiveprefix = {arXiv},
	Author = {Baglio, J. and others},
	Eprint = {1404.3940},
	Primaryclass = {hep-ph},
	Reportnumber = {FTUV-14-2903, IFIC-14-26, KA-TP-10-2014, LPN14-062, MAN-HEP-2014-03},
	Slaccitation = {%%CITATION = ARXIV:1404.3940;%%},
	Title = {{Release Note - VBFNLO 2.7.0}},
	Year = {2014}}

@article{Denner:2000jv,
	Archiveprefix = {arXiv},
	Author = {Denner, Ansgar and Pozzorini, Stefano},
	Doi = {10.1007/s100520100551},
	Eprint = {hep-ph/0010201},
	Journal = {Eur. Phys. J.},
	Pages = {461-480},
	Primaryclass = {hep-ph},
	Reportnumber = {PSI-PR-00-15, ZU-TH-17-00},
	Slaccitation = {%%CITATION = HEP-PH/0010201;%%},
	Title = {{One-loop leading logarithms in electroweak radiative corrections. 1. Results}},
	Volume = {C18},
	Year = {2001},
	Bdsk-Url-1 = {https://dx.doi.org/10.1007/s100520100551}}

@article{Ciafaloni:1998xg,
	Archiveprefix = {arXiv},
	Author = {Ciafaloni, P. and Comelli, D.},
	Doi = {10.1016/S0370-2693(98)01541-X},
	Eprint = {hep-ph/9809321},
	Journal = {Phys. Lett.},
	Pages = {278-284},
	Primaryclass = {hep-ph},
	Reportnumber = {INFN-FE-09-98},
	Slaccitation = {%%CITATION = HEP-PH/9809321;%%},
	Title = {{Sudakov enhancement of electroweak corrections}},
	Volume = {B446},
	Year = {1999},
	Bdsk-Url-1 = {https://dx.doi.org/10.1016/S0370-2693(98)01541-X}}

@article{Ciafaloni:2001vt,
	Archiveprefix = {arXiv},
	Author = {Ciafaloni, Marcello and Ciafaloni, Paolo and Comelli, Denis},
	Doi = {10.1103/PhysRevLett.87.211802},
	Eprint = {hep-ph/0103315},
	Journal = {Phys. Rev. Lett.},
	Pages = {211802},
	Primaryclass = {hep-ph},
	Slaccitation = {%%CITATION = HEP-PH/0103315;%%},
	Title = {{Bloch-Nordsieck violation in spontaneously broken Abelian theories}},
	Volume = {87},
	Year = {2001},
	Bdsk-Url-1 = {https://dx.doi.org/10.1103/PhysRevLett.87.211802}}

@article{Green:2016trm,
	Archiveprefix = {arXiv},
	Author = {Green, Daniel R. and Meade, Patrick and Pleier, Marc-Andre},
	Doi = {10.1103/RevModPhys.89.035008},
	Eprint = {1610.07572},
	Journal = {Rev. Mod. Phys.},
	Number = {3},
	Pages = {035008},
	Primaryclass = {hep-ex},
	Slaccitation = {%%CITATION = ARXIV:1610.07572;%%},
	Title = {{Multiboson interactions at the LHC}},
	Volume = {89},
	Year = {2017},
	Bdsk-Url-1 = {https://dx.doi.org/10.1103/RevModPhys.89.035008}}

@article{Aaboud:2016uuk,
	Archiveprefix = {arXiv},
	Author = {Aaboud, Morad and others},
	Collaboration = {ATLAS},
	Eprint = {1609.05122},
	Primaryclass = {hep-ex},
	Reportnumber = {CERN-EP-2016-171},
	Slaccitation = {%%CITATION = ARXIV:1609.05122;%%},
	Title = {{Search for anomalous electroweak production of $WW/WZ$ in association with a high-mass dijet system in $pp$ collisions at $\sqrt{s}=8$ TeV with the ATLAS detector}},
	Year = {2016}}

@article{Diener:2005me,
	Archiveprefix = {arXiv},
	Author = {Diener, K. -P. O. and Dittmaier, S. and Hollik, W.},
	Doi = {10.1103/PhysRevD.72.093002},
	Eprint = {hep-ph/0509084},
	Journal = {Phys. Rev.},
	Pages = {093002},
	Primaryclass = {hep-ph},
	Reportnumber = {MPP-2005-28},
	Slaccitation = {%%CITATION = HEP-PH/0509084;%%},
	Title = {{Electroweak higher-order effects and theoretical uncertainties in deep-inelastic neutrino scattering}},
	Volume = {D72},
	Year = {2005},
	Bdsk-Url-1 = {https://dx.doi.org/10.1103/PhysRevD.72.093002}}

@article{Rauch:2016pai,
	Archiveprefix = {arXiv},
	Author = {Rauch, Michael},
	Eprint = {1610.08420},
	Primaryclass = {hep-ph},
	Reportnumber = {KA-TP-35-2016},
	Slaccitation = {%%CITATION = ARXIV:1610.08420;%%},
	Title = {{Vector-Boson Fusion and Vector-Boson Scattering}},
	Year = {2016}}

@article{Jager:2011ms,
	Archiveprefix = {arXiv},
	Author = {J{\"a}ger, Barbara and Zanderighi, Giulia},
	Doi = {10.1007/JHEP11(2011)055},
	Eprint = {1108.0864},
	Journal = {JHEP},
	Pages = {055},
	Primaryclass = {hep-ph},
	Reportnumber = {MZ-TH-11-20, OUTP-11-45P},
	Slaccitation = {%%CITATION = ARXIV:1108.0864;%%},
	Title = {{NLO corrections to electroweak and QCD production of $W^+W^+$ plus two jets in the POWHEGBOX}},
	Volume = {11},
	Year = {2011},
	Bdsk-Url-1 = {https://dx.doi.org/10.1007/JHEP11(2011)055}}

@article{Jager:2009xx,
	Archiveprefix = {arXiv},
	Author = {J{\"a}ger, B. and Oleari, C. and Zeppenfeld, D.},
	Doi = {10.1103/PhysRevD.80.034022},
	Eprint = {0907.0580},
	Journal = {Phys. Rev.},
	Pages = {034022},
	Primaryclass = {hep-ph},
	Reportnumber = {KA-TP-09-2009},
	Slaccitation = {%%CITATION = ARXIV:0907.0580;%%},
	Title = {{Next-to-leading order QCD corrections to $W^+ W^+ jj$ and $W^- W^- jj$ production via weak-boson fusion}},
	Volume = {D80},
	Year = {2009},
	Bdsk-Url-1 = {https://dx.doi.org/10.1103/PhysRevD.80.034022}}

@article{Kuss:1995yv,
	Archiveprefix = {arXiv},
	Author = {Kuss, I. and Spiesberger, H.},
	Doi = {10.1103/PhysRevD.53.6078},
	Eprint = {hep-ph/9507204},
	Journal = {Phys. Rev.},
	Pages = {6078-6093},
	Primaryclass = {hep-ph},
	Reportnumber = {BI-TP-95-25},
	Slaccitation = {%%CITATION = HEP-PH/9507204;%%},
	Title = {{Luminosities for vector boson - vector boson scattering at high-energy colliders}},
	Volume = {D53},
	Year = {1996},
	Bdsk-Url-1 = {https://dx.doi.org/10.1103/PhysRevD.53.6078}}

@article{Accomando:2006hq,
	Archiveprefix = {arXiv},
	Author = {Accomando, E. and Denner, Ansgar and Pozzorini, S.},
	Doi = {10.1088/1126-6708/2007/03/078},
	Eprint = {hep-ph/0611289},
	Journal = {JHEP},
	Pages = {078},
	Primaryclass = {hep-ph},
	Reportnumber = {DFTT-19-2006, MPP-2006-147, PSI-PR-06-12},
	Slaccitation = {%%CITATION = HEP-PH/0611289;%%},
	Title = {{Logarithmic electroweak corrections to $e^+ e^-\to\nu_e \bar{\nu}_e W^+ W^-$}},
	Volume = {03},
	Year = {2007},
	Bdsk-Url-1 = {https://dx.doi.org/10.1088/1126-6708/2007/03/078}}

@article{Campanario:2013gea,
	Archiveprefix = {arXiv},
	Author = {Campanario, Francisco and Kerner, Matthias and Ninh, Le Duc and Zeppenfeld, Dieter},
	Doi = {10.1103/PhysRevD.89.054009},
	Eprint = {1311.6738},
	Journal = {Phys. Rev.},
	Number = {5},
	Pages = {054009},
	Primaryclass = {hep-ph},
	Reportnumber = {FTUV-13-2211, IFC-13-89, KA-TP-39-2013, LPN13-096, SFB-CPP-13-106},
	Slaccitation = {%%CITATION = ARXIV:1311.6738;%%},
	Title = {{Next-to-leading order QCD corrections to $W^+W^+$ and $W^-W^-$ production in association with two jets}},
	Volume = {D89},
	Year = {2014},
	Bdsk-Url-1 = {https://dx.doi.org/10.1103/PhysRevD.89.054009}}

@article{Denner:1997kq,
	Archiveprefix = {arXiv},
	Author = {Denner, Ansgar and Hahn, T.},
	Doi = {10.1016/S0550-3213(98)00287-9},
	Eprint = {hep-ph/9711302},
	Journal = {Nucl. Phys.},
	Pages = {27-50},
	Primaryclass = {hep-ph},
	Reportnumber = {PSI-PR-97-31, KA-TP-16-1997},
	Slaccitation = {%%CITATION = HEP-PH/9711302;%%},
	Title = {{Radiative corrections to $W^+ W^-\to W^+ W^-$ in the electroweak standard model}},
	Volume = {B525},
	Year = {1998},
	Bdsk-Url-1 = {https://dx.doi.org/10.1016/S0550-3213(98)00287-9}}

@article{Biedermann:2016yds,
      author         = "Biedermann, Benedikt and Denner, Ansgar and Pellen,
                        Mathieu",
      title          = "{Large electroweak corrections to vector-boson scattering
                        at the Large Hadron Collider}",
      journal        = "Phys. Rev. Lett.",
      volume         = "118",
      year           = "2017",
      pages          = "261801",
      doi            = "10.1103/PhysRevLett.118.261801",
      eprint         = "1611.02951",
      archivePrefix  = "arXiv",
      primaryClass   = "hep-ph",
      SLACcitation   = "%%CITATION = ARXIV:1611.02951;%%"
}

@article{Biedermann:2016lvg,
	Archiveprefix = {arXiv},
	Author = {Biedermann, Benedikt and Denner, Ansgar and Dittmaier, Stefan and Hofer, Lars and J{\"a}ger, Barbara},
	Doi = {10.1007/JHEP01(2017)033},
	Eprint = {1611.05338},
	Journal = {JHEP},
	Pages = {033},
	Primaryclass = {hep-ph},
	Reportnumber = {FR-PHENO-2016-013, ICCUB-16-036},
	Slaccitation = {%%CITATION = ARXIV:1611.05338;%%},
	Title = {{Next-to-leading-order electroweak corrections to the production of four charged leptons at the LHC}},
	Volume = {01},
	Year = {2017},
	Bdsk-Url-1 = {https://dx.doi.org/10.1007/JHEP01(2017)033}}

@article{Beenakker:1988jr,
	Author = {Beenakker, W. and Denner, Ansgar},
	Doi = {10.1016/0550-3213(90)90636-R},
	Journal = {Nucl. Phys.},
	Pages = {349-370},
	Reportnumber = {Print-89-0200 (LEIDEN)},
	Slaccitation = {%%CITATION = NUPHA,B338,349;%%},
	Title = {{Infrared divergent scalar box integrals with applications in the electroweak standard model}},
	Volume = {B338},
	Year = {1990},
	Bdsk-Url-1 = {https://dx.doi.org/10.1016/0550-3213(90)90636-R}}

@article{Dittmaier:2003bc,
	Archiveprefix = {arXiv},
	Author = {Dittmaier, Stefan},
	Doi = {10.1016/j.nuclphysb.2003.10.003},
	Eprint = {hep-ph/0308246},
	Journal = {Nucl. Phys.},
	Pages = {447-466},
	Primaryclass = {hep-ph},
	Reportnumber = {MPP-2003-61},
	Slaccitation = {%%CITATION = HEP-PH/0308246;%%},
	Title = {{Separation of soft and collinear singularities from one loop N point integrals}},
	Volume = {B675},
	Year = {2003},
	Bdsk-Url-1 = {https://dx.doi.org/10.1016/j.nuclphysb.2003.10.003}}

@article{tHooft:1978jhc,
	Author = {'t Hooft, Gerard and Veltman, M. J. G.},
	Doi = {10.1016/0550-3213(79)90605-9},
	Journal = {Nucl. Phys.},
	Pages = {365-401},
	Reportnumber = {PRINT-79-0134 (UTRECHT)},
	Slaccitation = {%%CITATION = NUPHA,B153,365;%%},
	Title = {{Scalar one-loop integrals}},
	Volume = {B153},
	Year = {1979},
	Bdsk-Url-1 = {https://dx.doi.org/10.1016/0550-3213(79)90605-9}}

@article{Passarino:1978jh,
	Author = {Passarino, G. and Veltman, M. J. G.},
	Doi = {10.1016/0550-3213(79)90234-7},
	Journal = {Nucl. Phys.},
	Pages = {151-207},
	Reportnumber = {Print-79-0284 (UTRECHT)},
	Slaccitation = {%%CITATION = NUPHA,B160,151;%%},
	Title = {{One-loop corrections for $e^+ e^-$ annihilation into $\mu^+ \mu^-$ in the Weinberg model}},
	Volume = {B160},
	Year = {1979},
	Bdsk-Url-1 = {https://dx.doi.org/10.1016/0550-3213(79)90234-7}}

@article{Andersen:2014efa,
	Archiveprefix = {arXiv},
	Author = {Andersen, J. R. and others},
	Eprint = {1405.1067},
	Primaryclass = {hep-ph},
	Slaccitation = {%%CITATION = ARXIV:1405.1067;%%},
	Title = {{Les Houches 2013: Physics at TeV Colliders: Standard Model Working Group Report}},
	Year = {2014}}

@article{Buckley:2014ana,
	Archiveprefix = {arXiv},
	Author = {Buckley, Andy and Ferrando, James and Lloyd, Stephen and Nordstr{\"o}m, Karl and Page, Ben and R{\"u}fenacht, Martin and Sch{\"o}nherr, Marek and Watt, Graeme},
	Doi = {10.1140/epjc/s10052-015-3318-8},
	Eprint = {1412.7420},
	Journal = {Eur. Phys. J.},
	Pages = {132},
	Primaryclass = {hep-ph},
	Reportnumber = {GLAS-PPE-2014-05, MCNET-14-29, IPPP-14-111, DCPT-14-222},
	Slaccitation = {%%CITATION = ARXIV:1412.7420;%%},
	Title = {{LHAPDF6: parton density access in the LHC precision era}},
	Volume = {C75},
	Year = {2015},
	Bdsk-Url-1 = {https://dx.doi.org/10.1140/epjc/s10052-015-3318-8}}

@article{Bardin:1988xt,
	Author = {Bardin, D. {\relax Yu}. and Leike, A. and Riemann, T. and Sachwitz, M.},
	Date-Modified = {2018-06-15 07:46:13 +0000},
	Doi = {10.1016/0370-2693(88)91627-9},
	Journal = {Phys. Lett.},
	Pages = {539-542},
	Reportnumber = {PHE-88-03},
	Slaccitation = {%%CITATION = PHLTA,B206,539;%%},
	Title = {{Energy-dependent width effects in ${e}^+ {e}^-$-annihilation near the Z-boson pole}},
	Volume = {B206},
	Year = {1988},
	Bdsk-Url-1 = {https://dx.doi.org/10.1016/0370-2693(88)91625-5}}

@article{Denner:2000bj,
	Archiveprefix = {arXiv},
	Author = {Denner, Ansgar and Dittmaier, S. and Roth, M. and Wackeroth, D.},
	Doi = {10.1016/S0550-3213(00)00511-3},
	Eprint = {hep-ph/0006307},
	Journal = {Nucl. Phys.},
	Pages = {67-117},
	Primaryclass = {hep-ph},
	Reportnumber = {BI-TP-2000-06, LU-ITP-2000-003, PSI-PR-00-11, UR-1604},
	Slaccitation = {%%CITATION = HEP-PH/0006307;%%},
	Title = {{Electroweak radiative corrections to ${e}^+ {e}^- \to {W W} \to$ 4 fermions in double-pole approximation: The RACOONWW approach}},
	Volume = {B587},
	Year = {2000},
	Bdsk-Url-1 = {https://dx.doi.org/10.1016/S0550-3213(00)00511-3}}

@article{Agashe:2014kda,
	Author = {Olive, K. A. and others},
	Collaboration = {Particle Data Group},
	Doi = {10.1088/1674-1137/38/9/090001},
	Journal = {Chin. Phys.},
	Pages = {090001},
	Slaccitation = {%%CITATION = CHPHD,C38,090001;%%},
	Title = {{Review of Particle Physics}},
	Volume = {C38},
	Year = {2014},
	Bdsk-Url-1 = {https://dx.doi.org/10.1088/1674-1137/38/9/090001}}

@article{Cacciari:2015jma,
	Archiveprefix = {arXiv},
	Author = {Cacciari, Matteo and Dreyer, Fr{\'e}d{\'e}ric A. and Karlberg, Alexander and Salam, Gavin P. and Zanderighi, Giulia},
	Doi = {10.1103/PhysRevLett.115.082002},
	Eprint = {1506.02660},
	Journal = {Phys. Rev. Lett.},
	Number = {8},
	Pages = {082002},
	Primaryclass = {hep-ph},
	Reportnumber = {CERN-PH-TH-2015-127, OUTP-15-12P},
	Slaccitation = {%%CITATION = ARXIV:1506.02660;%%},
	Title = {{Fully differential Vector-Boson-Fusion Higgs production at Next-to-Next-to-Leading Order}},
	Volume = {115},
	Year = {2015},
	Bdsk-Url-1 = {https://dx.doi.org/10.1103/PhysRevLett.115.082002}}

@article{Figy:2003nv,
	Archiveprefix = {arXiv},
	Author = {Figy, T. and Oleari, C. and Zeppenfeld, D.},
	Doi = {10.1103/PhysRevD.68.073005},
	Eprint = {hep-ph/0306109},
	Journal = {Phys. Rev.},
	Pages = {073005},
	Primaryclass = {hep-ph},
	Reportnumber = {DCPT-03-54, IPPP-03-27, MADPH-03-1330},
	Slaccitation = {%%CITATION = HEP-PH/0306109;%%},
	Title = {{Next-to-leading order jet distributions for Higgs boson production via weak boson fusion}},
	Volume = {D68},
	Year = {2003},
	Bdsk-Url-1 = {https://dx.doi.org/10.1103/PhysRevD.68.073005}}

@article{Rauch:2017cfu,
	Archiveprefix = {arXiv},
	Author = {Rauch, Michael and Zeppenfeld, Dieter},
	Doi = {10.1103/PhysRevD.95.114015},
	Eprint = {1703.05676},
	Journal = {Phys. Rev.},
	Number = {11},
	Pages = {114015},
	Primaryclass = {hep-ph},
	Reportnumber = {KA-TP-08-2017},
	Slaccitation = {%%CITATION = ARXIV:1703.05676;%%},
	Title = {{Jet clustering dependence of Higgs boson production in vector-boson fusion}},
	Volume = {D95},
	Year = {2017},
	Bdsk-Url-1 = {https://dx.doi.org/10.1103/PhysRevD.95.114015}}

@article{Hirschi:2011pa,
	Archiveprefix = {arXiv},
	Author = {Hirschi, Valentin and Frederix, Rikkert and Frixione, Stefano and Garzelli, Maria Vittoria and Maltoni, Fabio and Pittau, Roberto},
	Doi = {10.1007/JHEP05(2011)044},
	Eprint = {1103.0621},
	Journal = {JHEP},
	Pages = {044},
	Primaryclass = {hep-ph},
	Reportnumber = {CERN-PH-TH-2011-031, CP3-11-07, ZU-TH-01-11},
	Slaccitation = {%%CITATION = ARXIV:1103.0621;%%},
	Title = {{Automation of one-loop QCD corrections}},
	Volume = {05},
	Year = {2011},
	Bdsk-Url-1 = {https://dx.doi.org/10.1007/JHEP05(2011)044}}

@article{Ballestrero:2007xq,
	Archiveprefix = {arXiv},
	Author = {Ballestrero, Alessandro and Belhouari, Aissa and Bevilacqua, Giuseppe and Kashkan, Vladimir and Maina, Ezio},
	Doi = {10.1016/j.cpc.2008.10.005},
	Eprint = {0801.3359},
	Journal = {Comput. Phys. Commun.},
	Pages = {401-417},
	Primaryclass = {hep-ph},
	Reportnumber = {DFTT-13-2007},
	Slaccitation = {%%CITATION = ARXIV:0801.3359;%%},
	Title = {{PHANTOM: A Monte Carlo event generator for six parton final states at high energy colliders}},
	Volume = {180},
	Year = {2009},
	Bdsk-Url-1 = {https://dx.doi.org/10.1016/j.cpc.2008.10.005}}

@inproceedings{Ballestrero:1999md,
	Archiveprefix = {arXiv},
	Author = {Ballestrero, Alessandro},
	Booktitle = {{High energy physics and quantum field theory. Proceedings, 14th International Workshop, QFTHEP'99, Moscow, Russia, May 27-June 2, 1999}},
	Eprint = {hep-ph/9911318},
	Pages = {303-309},
	Primaryclass = {hep-ph},
	Reportnumber = {DFTT-61-99},
	Slaccitation = {%%CITATION = HEP-PH/9911318;%%},
	Title = {{PHACT: Helicity amplitudes for present and future colliders}},
	Year = {1999}}

@article{Ballestrero:1994jn,
	Archiveprefix = {arXiv},
	Author = {Ballestrero, Alessandro and Maina, Ezio},
	Doi = {10.1016/0370-2693(95)00351-K},
	Eprint = {hep-ph/9403244},
	Journal = {Phys. Lett.},
	Pages = {225-233},
	Primaryclass = {hep-ph},
	Reportnumber = {DFTT-76-93},
	Slaccitation = {%%CITATION = HEP-PH/9403244;%%},
	Title = {{A New method for helicity calculations}},
	Volume = {B350},
	Year = {1995},
	Bdsk-Url-1 = {https://dx.doi.org/10.1016/0370-2693(95)00351-K}}

@article{Lepage:1977sw,
	Author = {Lepage, G. Peter},
	Doi = {10.1016/0021-9991(78)90004-9},
	Journal = {J. Comput. Phys.},
	Pages = {192},
	Reportnumber = {SLAC-PUB-1839-REV, SLAC-PUB-1839},
	Slaccitation = {%%CITATION = JCTPA,27,192;%%},
	Title = {{A new algorithm for adaptive multidimensional integration}},
	Volume = {27},
	Year = {1978},
	Bdsk-Url-1 = {https://dx.doi.org/10.1016/0021-9991(78)90004-9}}

@article{Berends:1984gf,
	Author = {Berends, Frits A. and Daverveldt, P. H. and Kleiss, R.},
	Doi = {10.1016/0550-3213(85)90541-3},
	Journal = {Nucl. Phys.},
	Pages = {441-463},
	Reportnumber = {Print-84-1007 (LEIDEN)},
	Slaccitation = {%%CITATION = NUPHA,B253,441;%%},
	Title = {{Complete lowest order calculations for four lepton final states in electron-positron collisions}},
	Volume = {B253},
	Year = {1985},
	Bdsk-Url-1 = {https://dx.doi.org/10.1016/0550-3213(85)90541-3}}

@article{Denner:2006ic,
	Archiveprefix = {arXiv},
	Author = {Denner, Ansgar and Dittmaier, S.},
	Booktitle = {{Proceedings, 8th DESY Workshop on Elementary Particle Theory: Loops and Legs in Quantum Field Theory: Eisenach, Germany, 23-28 April 2006}},
	Doi = {10.1016/j.nuclphysbps.2006.09.025},
	Eprint = {hep-ph/0605312},
	Journal = {Nucl. Phys. Proc. Suppl.},
	Pages = {22-26},
	Primaryclass = {hep-ph},
	Reportnumber = {MPP-2006-67, PSI-PR-06-08},
	Slaccitation = {%%CITATION = HEP-PH/0605312;%%},
	Title = {{The complex-mass scheme for perturbative calculations with unstable particles}},
	Volume = {160},
	Year = {2006},
	Bdsk-Url-1 = {https://dx.doi.org/10.1016/j.nuclphysbps.2006.09.025}}

@article{Sirunyan:2017ret,
	Archiveprefix = {arXiv},
	Author = {Sirunyan, Albert M and others},
	Collaboration = {CMS},
	Doi = {10.1103/PhysRevLett.120.081801},
	Eprint = {1709.05822},
	Journal = {Phys. Rev. Lett.},
	Number = {8},
	Pages = {081801},
	Primaryclass = {hep-ex},
	Reportnumber = {CMS-SMP-17-004, CERN-EP-2017-232},
	Slaccitation = {%%CITATION = ARXIV:1709.05822;%%},
	Title = {{Observation of electroweak production of same-sign W boson pairs in the two jet and two same-sign lepton final state in proton-proton collisions at $\sqrt{s} = $ 13 TeV}},
	Volume = {120},
	Year = {2018},
	Bdsk-Url-1 = {https://doi.org/10.1103/PhysRevLett.120.081801}}

@article{Jager:2006zc,
	Archiveprefix = {arXiv},
	Author = {J{\"a}ger, Barbara and Oleari, Carlo and Zeppenfeld, Dieter},
	Doi = {10.1088/1126-6708/2006/07/015},
	Eprint = {hep-ph/0603177},
	Journal = {JHEP},
	Pages = {015},
	Primaryclass = {hep-ph},
	Reportnumber = {BICOCCA-FT-06-4, KA-TP-03-2006, SFB-CPP-06-10},
	Slaccitation = {%%CITATION = HEP-PH/0603177;%%},
	Title = {{Next-to-leading order QCD corrections to W$^{+}$W$^{-}$ production via vector-boson fusion}},
	Volume = {07},
	Year = {2006},
	Bdsk-Url-1 = {https://dx.doi.org/10.1088/1126-6708/2006/07/015}}

@article{Jager:2006cp,
	Archiveprefix = {arXiv},
	Author = {J{\"a}ger, Barbara and Oleari, Carlo and Zeppenfeld, Dieter},
	Doi = {10.1103/PhysRevD.73.113006},
	Eprint = {hep-ph/0604200},
	Journal = {Phys. Rev.},
	Pages = {113006},
	Primaryclass = {hep-ph},
	Reportnumber = {BICOCCA-FT-06-7, KA-TP-04-2006, SFB-CPP-06-20},
	Slaccitation = {%%CITATION = HEP-PH/0604200;%%},
	Title = {{Next-to-leading order QCD corrections to Z boson pair production via vector-boson fusion}},
	Volume = {D73},
	Year = {2006},
	Bdsk-Url-1 = {https://dx.doi.org/10.1103/PhysRevD.73.113006}}

@article{Bozzi:2007ur,
	Archiveprefix = {arXiv},
	Author = {Bozzi, Giuseppe and J{\"a}ger, Barbara and Oleari, Carlo and Zeppenfeld, Dieter},
	Doi = {10.1103/PhysRevD.75.073004},
	Eprint = {hep-ph/0701105},
	Journal = {Phys. Rev.},
	Pages = {073004},
	Primaryclass = {hep-ph},
	Reportnumber = {BICOCCA-FT-07-1, KA-TP-01-2007, SFB-CPP-07-02},
	Slaccitation = {%%CITATION = HEP-PH/0701105;%%},
	Title = {{Next-to-leading order QCD corrections to W$^+$Z and W$^-$Z production via vector-boson fusion}},
	Volume = {D75},
	Year = {2007},
	Bdsk-Url-1 = {https://dx.doi.org/10.1103/PhysRevD.75.073004}}

@article{Rauch:2016upa,
	Archiveprefix = {arXiv},
	Author = {Rauch, Michael and Pl{\"a}tzer, Simon},
	Doi = {10.1140/epjc/s10052-017-4860-3},
	Eprint = {1605.07851},
	Journal = {Eur. Phys. J.},
	Number = {5},
	Pages = {293},
	Primaryclass = {hep-ph},
	Reportnumber = {MAN-HEP-2016-08, HERWIG-2016-04, KA-TP-16-2016, MCNET-16-14, IPPP-16-49, --IPPP-16-49},
	Slaccitation = {%%CITATION = ARXIV:1605.07851;%%},
	Title = {{Parton Shower Matching Systematics in Vector-Boson-Fusion WW Production}},
	Volume = {C77},
	Year = {2017},
	Bdsk-Url-1 = {https://dx.doi.org/10.1140/epjc/s10052-017-4860-3}}

@article{Bellm:2015jjp,
	Archiveprefix = {arXiv},
	Author = {Bellm, Johannes and others},
	Doi = {10.1140/epjc/s10052-016-4018-8},
	Eprint = {1512.01178},
	Journal = {Eur. Phys. J.},
	Number = {4},
	Pages = {196},
	Primaryclass = {hep-ph},
	Reportnumber = {CERN-PH-TH-2015-289, MAN-HEP-2015-15, IFJPAN-IV-2015-13, HERWIG-2015-01, KA-TP-18-2015, DCPT-15-142, MCNET-15-28, IPPP-15-71, --HERWIG-2015-01},
	Slaccitation = {%%CITATION = ARXIV:1512.01178;%%},
	Title = {{Herwig 7.0/Herwig++ 3.0 release note}},
	Volume = {C76},
	Year = {2016},
	Bdsk-Url-1 = {https://dx.doi.org/10.1140/epjc/s10052-016-4018-8}}

@article{Platzer:2011bc,
	Archiveprefix = {arXiv},
	Author = {Platzer, Simon and Gieseke, Stefan},
	Doi = {10.1140/epjc/s10052-012-2187-7},
	Eprint = {1109.6256},
	Journal = {Eur. Phys. J.},
	Pages = {2187},
	Primaryclass = {hep-ph},
	Reportnumber = {DESY-11-162, KA-TP-24-2011, HERWIG-11-01, MCNET-11-24},
	Slaccitation = {%%CITATION = ARXIV:1109.6256;%%},
	Title = {{Dipole Showers and Automated NLO Matching in Herwig++}},
	Volume = {C72},
	Year = {2012},
	Bdsk-Url-1 = {https://dx.doi.org/10.1140/epjc/s10052-012-2187-7}}

@article{Bellm:2017bvx,
	Archiveprefix = {arXiv},
	Author = {Bellm, Johannes and others},
	Eprint = {1705.06919},
	Primaryclass = {hep-ph},
	Reportnumber = {CERN-PH-TH-2017-109, MAN-HEP-2017-08, UWTHPH-2017-10, IFJPAN-IV-2017-7, NIKHEF-2017-026, HERWIG-2017-02, KA-TP-19-2017, MCNET-17-08, IPPP-17-40},
	Slaccitation = {%%CITATION = ARXIV:1705.06919;%%},
	Title = {{Herwig 7.1 Release Note}},
	Year = {2017}}

@article{Binoth:2010xt,
	Archiveprefix = {arXiv},
	Author = {Binoth, T. and others},
	Booktitle = {{Physics at TeV colliders. Proceedings, 6th Workshop, dedicated to Thomas Binoth, Les Houches, France, June 8-26, 2009}},
	Doi = {10.1016/j.cpc.2010.05.016},
	Eprint = {1001.1307},
	Journal = {Comput. Phys. Commun.},
	Pages = {1612-1622},
	Primaryclass = {hep-ph},
	Reportnumber = {SLAC-PUB-14723, FERMILAB-PUB-10-029-T, LAPTH-003-10},
	Slaccitation = {%%CITATION = ARXIV:1001.1307;%%},
	Title = {{A Proposal for a standard interface between Monte Carlo tools and one-loop programs}},
	Volume = {181},
	Year = {2010},
	Bdsk-Url-1 = {https://dx.doi.org/10.1016/j.cpc.2010.05.016}}

@article{Alioli:2013nda,
	Archiveprefix = {arXiv},
	Author = {Alioli, S. and others},
	Doi = {10.1016/j.cpc.2013.10.020},
	Eprint = {1308.3462},
	Journal = {Comput. Phys. Commun.},
	Pages = {560-571},
	Primaryclass = {hep-ph},
	Reportnumber = {MPP-2013-237},
	Slaccitation = {%%CITATION = ARXIV:1308.3462;%%},
	Title = {{Update of the Binoth Les Houches Accord for a standard interface between Monte Carlo tools and one-loop programs}},
	Volume = {185},
	Year = {2014},
	Bdsk-Url-1 = {https://dx.doi.org/10.1016/j.cpc.2013.10.020}}

@article{Oleari:2003tc,
	Archiveprefix = {arXiv},
	Author = {Oleari, Carlo and Zeppenfeld, Dieter},
	Doi = {10.1103/PhysRevD.69.093004},
	Eprint = {hep-ph/0310156},
	Journal = {Phys. Rev.},
	Pages = {093004},
	Primaryclass = {hep-ph},
	Reportnumber = {DCPT-03-110, IPPP-03-55, MADPH-03-1348},
	Slaccitation = {%%CITATION = HEP-PH/0310156;%%},
	Title = {{QCD corrections to electroweak $\ell \nu_\ell j j$ and $\ell^+ \ell^- j j$ production}},
	Volume = {D69},
	Year = {2004},
	Bdsk-Url-1 = {https://dx.doi.org/10.1103/PhysRevD.69.093004}}

@article{Jager:2012xk,
	Archiveprefix = {arXiv},
	Author = {J{\"a}ger, Barbara and Schneider, Steven and Zanderighi, Giulia},
	Doi = {10.1007/JHEP09(2012)083},
	Eprint = {1207.2626},
	Journal = {JHEP},
	Pages = {083},
	Primaryclass = {hep-ph},
	Reportnumber = {MZ-TH-12-25},
	Slaccitation = {%%CITATION = ARXIV:1207.2626;%%},
	Title = {{Next-to-leading order QCD corrections to electroweak Zjj production in the POWHEG BOX}},
	Volume = {09},
	Year = {2012},
	Bdsk-Url-1 = {https://doi.org/10.1007/JHEP09(2012)083}}

@article{Jager:2013mu,
	Archiveprefix = {arXiv},
	Author = {J{\"a}ger, Barbara and Zanderighi, Giulia},
	Doi = {10.1007/JHEP04(2013)024},
	Eprint = {1301.1695},
	Journal = {JHEP},
	Pages = {024},
	Primaryclass = {hep-ph},
	Slaccitation = {%%CITATION = ARXIV:1301.1695;%%},
	Title = {{Electroweak W$^+$W$^-$$jj$ prodution at NLO in QCD matched with parton shower in the POWHEG-BOX}},
	Volume = {04},
	Year = {2013},
	Bdsk-Url-1 = {https://doi.org/10.1007/JHEP04(2013)024}}

@article{Jager:2013iza,
	Archiveprefix = {arXiv},
	Author = {J{\"a}ger, Barbara and Karlberg, Alexander and Zanderighi, Giulia},
	Doi = {10.1007/JHEP03(2014)141},
	Eprint = {1312.3252},
	Journal = {JHEP},
	Pages = {141},
	Primaryclass = {hep-ph},
	Slaccitation = {%%CITATION = ARXIV:1312.3252;%%},
	Title = {{Electroweak $ZZjj$ production in the Standard Model and beyond in the POWHEG-BOX V2}},
	Volume = {03},
	Year = {2014},
	Bdsk-Url-1 = {https://doi.org/10.1007/JHEP03(2014)141}}

@article{Schissler:2013nga,
	Archiveprefix = {arXiv},
	Author = {Schissler, Franziska and Zeppenfeld, Dieter},
	Doi = {10.1007/JHEP04(2013)057},
	Eprint = {1302.2884},
	Journal = {JHEP},
	Pages = {057},
	Primaryclass = {hep-ph},
	Slaccitation = {%%CITATION = ARXIV:1302.2884;%%},
	Title = {{Parton Shower Effects on W and Z Production via Vector Boson Fusion at NLO QCD}},
	Volume = {04},
	Year = {2013},
	Bdsk-Url-1 = {https://doi.org/10.1007/JHEP04(2013)057}}

@article{Cacciari:2011ma,
	Archiveprefix = {arXiv},
	Author = {Cacciari, Matteo and Salam, Gavin P. and Soyez, Gregory},
	Doi = {10.1140/epjc/s10052-012-1896-2},
	Eprint = {1111.6097},
	Journal = {Eur. Phys. J.},
	Pages = {1896},
	Primaryclass = {hep-ph},
	Reportnumber = {CERN-PH-TH-2011-297},
	Slaccitation = {%%CITATION = ARXIV:1111.6097;%%},
	Title = {{FastJet User Manual}},
	Volume = {C72},
	Year = {2012},
	Bdsk-Url-1 = {https://doi.org/10.1140/epjc/s10052-012-1896-2}}

@article{Denner:2017vms,
  author         = "Denner, Ansgar and Lang, Jean-Nicolas and Uccirati, Sandro",
  title          = "{NLO electroweak corrections in extended Higgs sectors with RECOLA2}",
  journal        = "JHEP",
  volume         = "07",
  year           = "2017",
  pages          = "087",
  doi            = "10.1007/JHEP07(2017)087",
  eprint         = "1705.06053",
  archivePrefix  = "arXiv",
  primaryClass   = "hep-ph",
  SLACcitation   = "%%CITATION = ARXIV:1705.06053;%%"
}

@article{Denner:2017wsf,
  author         = "Denner, Ansgar and Lang, Jean-Nicolas and Uccirati, Sandro",
  title          = "{RECOLA2: REcursive Computation of One-Loop Amplitudes 2}",
  journal        = "Comput. Phys. Commun.",
  volume         = "224",
  year           = "2018",
  pages          = "346-361",
  doi            = "10.1016/j.cpc.2017.11.013",
  eprint         = "1711.07388",
  archivePrefix  = "arXiv",
  primaryClass   = "hep-ph",
  SLACcitation   = "%%CITATION = ARXIV:1711.07388;%%"
}

@article{Berends:1987me,
  author         = "Berends, Frits A. and Giele, W. T.",
  title          = "{Recursive calculations for processes with n gluons}",
  journal        = "Nucl. Phys.",
  volume         = "B306",
  year           = "1988",
  pages          = "759-808",
  doi            = "10.1016/0550-3213(88)90442-7",
  reportNumber   = "Print-88-0100 (LEIDEN)",
  SLACcitation   = "%%CITATION = NUPHA,B306,759;%%"
}

@article{vanHameren:2009vq,
  author         = "van Hameren, A.",
  title          = "{Multi-gluon one-loop amplitudes using tensor integrals}",
  journal        = "JHEP",
  volume         = "07",
  year           = "2009",
  pages          = "088",
  doi            = "10.1088/1126-6708/2009/07/088",
  eprint         = "0905.1005",
  archivePrefix  = "arXiv",
  primaryClass   = "hep-ph",
  reportNumber   = "IFJPAN-IV-2009-5",
  SLACcitation   = "%%CITATION = ARXIV:0905.1005;%%"
}
%mauro-b
@article{Barze:2012tt,
      author         = "Barze, Luca and Montagna, Guido and Nason, Paolo and
                        Nicrosini, Oreste and Piccinini, Fulvio",
      title          = "{Implementation of electroweak corrections in the POWHEG
                        BOX: single W production}",
      journal        = "JHEP",
      volume         = "04",
      year           = "2012",
      pages          = "037",
      doi            = "10.1007/JHEP04(2012)037",
      eprint         = "1202.0465",
      archivePrefix  = "arXiv",
      primaryClass   = "hep-ph",
      reportNumber   = "CERN-PH-TH-2012-025, FNT-2012-01, LPN12-031",
      SLACcitation   = "%%CITATION = ARXIV:1202.0465;%%"
}										    
@article{Barze:2013fru,
      author         = "Barze, Luca and Montagna, Guido and Nason, Paolo and
                        Nicrosini, Oreste and Piccinini, Fulvio and Vicini,
                        Alessandro",
      title          = "{Neutral current Drell-Yan with combined QCD and
                        electroweak corrections in the POWHEG BOX}",
      journal        = "Eur. Phys. J.",
      volume         = "C73",
      year           = "2013",
      number         = "6",
      pages          = "2474",
      doi            = "10.1140/epjc/s10052-013-2474-y",
      eprint         = "1302.4606",
      archivePrefix  = "arXiv",
      primaryClass   = "hep-ph",
      reportNumber   = "CERN-PH-TH-2013-027, FNT-2013-01, IFUM-1007-FT,
                        LPN13-018",
      SLACcitation   = "%%CITATION = ARXIV:1302.4606;%%"
}
@article{DeWitt:1964yg,
      author         = "DeWitt, Bryce S.",
      title          = "{Theory of radiative corrections for non-abelian gauge
                        fields}",
      journal        = "Phys. Rev. Lett.",
      volume         = "12",
      year           = "1964",
      pages          = "742-746",
      doi            = "10.1103/PhysRevLett.12.742",
      SLACcitation   = "%%CITATION = PRLTA,12,742;%%"
}
@article{DeWitt:1967ub,
      author         = "DeWitt, Bryce S.",
      title          = "{Quantum Theory of Gravity. 2. The Manifestly Covariant
                        Theory}",
      journal        = "Phys. Rev.",
      volume         = "162",
      year           = "1967",
      pages          = "1195-1239",
      doi            = "10.1103/PhysRev.162.1195",
      SLACcitation   = "%%CITATION = PHRVA,162,1195;%%"
}
@article{Abbott:1981ke,
      author         = "Abbott, L. F.",
      title          = "{Introduction to the Background Field Method}",
      journal        = "Acta Phys. Polon.",
      volume         = "B13",
      year           = "1982",
      pages          = "33",
      reportNumber   = "CERN-TH-3113",
      SLACcitation   = "%%CITATION = APPOA,B13,33;%%"
}

@article{Abbott:1983zw,
      author         = "Abbott, L. F. and Grisaru, Marcus T. and Schaefer, Robert
                        K.",
      title          = "{The Background Field Method and the S~Matrix}",
      journal        = "Nucl. Phys.",
      volume         = "B229",
      year           = "1983",
      pages          = "372-380",
      doi            = "10.1016/0550-3213(83)90337-1",
      reportNumber   = "BRX-TH35",
      SLACcitation   = "%%CITATION = NUPHA,B229,372;%%"
}

@article{Denner:1994xt,
      author         = "Denner, Ansgar and Weiglein, Georg and Dittmaier, Stefan",
      title          = "{Application of the background field method to the
                        electroweak standard model}",
      journal        = "Nucl. Phys.",
      volume         = "B440",
      year           = "1995",
      pages          = "95-128",
      doi            = "10.1016/0550-3213(95)00037-S",
      eprint         = "hep-ph/9410338",
      archivePrefix  = "arXiv",
      primaryClass   = "hep-ph",
      reportNumber   = "BI-TP-94-50, UWITP-94-03",
      SLACcitation   = "%%CITATION = HEP-PH/9410338;%%"
}
@article{Heinemeyer:2013tqa,
      author         = "Andersen, J R and others",
      editor         = "Heinemeyer, S and Mariotti, C and Passarino, G and
                        Tanaka, R",
      title          = "{Handbook of LHC Higgs Cross Sections: 3. Higgs
                        Properties}",
      collaboration  = "LHC Higgs Cross Section Working Group",
      doi            = "10.5170/CERN-2013-004",
      year           = "2013",
      eprint         = "1307.1347",
      archivePrefix  = "arXiv",
      primaryClass   = "hep-ph",
      report         = "CERN-2013-004",
      SLACcitation   = "%%CITATION = ARXIV:1307.1347;%%"
}
@article{Dittmaier:2001ay,
      author         = "Dittmaier, Stefan and Krämer, Michael",
      title          = "{Electroweak radiative corrections to W boson production
                         at hadron colliders}",
      journal        = "Phys. Rev.",
      volume         = "D65",
      year           = "2002",
      pages          = "073007",
      doi            = "10.1103/PhysRevD.65.073007",
      eprint         = "hep-ph/0109062",
      archivePrefix  = "arXiv",
      primaryClass   = "hep-ph",
      reportNumber   = "BI-TP-2000-04, DESY-01-121, EDINBURGH-2001-11",
      SLACcitation   = "%%CITATION = HEP-PH/0109062;%%"
}
@article{Cacciari:2005hq,
      author         = "Cacciari, Matteo and Salam, Gavin P.",
      title          = "{Dispelling the $N^{3}$ myth for the $k_t$ jet-finder}",
      journal        = "Phys. Lett.",
      volume         = "B641",
      year           = "2006",
      pages          = "57-61",
      doi            = "10.1016/j.physletb.2006.08.037",
      eprint         = "hep-ph/0512210",
      archivePrefix  = "arXiv",
      primaryClass   = "hep-ph",
      reportNumber   = "LPTHE-05-32",
      SLACcitation   = "%%CITATION = HEP-PH/0512210;%%"
}

@article{DelDuca:2006hk,
      author         = "Del Duca, Vittorio and Kl{\"a}mke, Gunnar and Zeppenfeld,
                        Dieter and Mangano, Michelangelo L. and Moretti, Mauro and
                        Piccinini, Fulvio and Pittau, Roberto and Polosa, Antonio
                        D.",
      title          = "{Monte Carlo studies of the jet activity in Higgs + 2 jet
                        events}",
      journal        = "JHEP",
      volume         = "10",
      year           = "2006",
      pages          = "016",
      doi            = "10.1088/1126-6708/2006/10/016",
      eprint         = "hep-ph/0608158",
      archivePrefix  = "arXiv",
      primaryClass   = "hep-ph",
      reportNumber   = "FNT-T-2006-07, DFTT-14-2006, KA-TP-06-2006",
      SLACcitation   = "%%CITATION = HEP-PH/0608158;%%"
}
										    


%mauro-e